% Encoding: windows-1252


@String { FOCS = {Proceedings of the IEEE Symposium on Foundation of Computer
Science (FOCS)} }
@String { STOC = {Proceedings of the ACM Symposium on Theory of
Computing (STOC)} }

@InProceedings{KannanL96,
  Title                    = {Sampling According to the Multivariate Normal Density},
  Author                   = {R. Kannan and
 G. Li},
  Booktitle                = {FOCS},
  Year                     = {1996},
  Pages                    = {204--212},

  Bibsource                = {DBLP, http://dblp.uni-trier.de},
  Crossref                 = {DBLP:conf/focs/1996},
  Doi                      = {10.1109/SFCS.1996.548479}
}

@incollection{lee2020efficient,
  title={Efficient convex optimization with oracles},
  author={Lee, Yin Tat and Sidford, Aaron and Vempala, Santosh S},
  booktitle={Building Bridges II: Mathematics of L{\'a}szl{\'o} Lov{\'a}sz},
  pages={317--335},
  year={2020},
  publisher={Springer}
}

@article{brightwell1991counting,
  title={Counting linear extensions},
  author={Brightwell, Graham and Winkler, Peter},
  journal={Order},
  volume={8},
  pages={225--242},
  year={1991},
  publisher={Springer}
}

@book{constantin2018convex,
  title={Convex Functions and Their Applications: A Contemporary Approach},
  author={Constantin P.. Niculescu and Persson, Lars-Erik},
  year={2018},
  publisher={Springer.}
}

@article{lee2024eldan,
  title={Eldan's stochastic localization and the KLS conjecture: Isoperimetry, concentration and mixing},
  author={Lee, Yin Tat and Vempala, Santosh S},
  journal={Annals of Mathematics},
  volume={199},
  number={3},
  pages={1043--1092},
  year={2024},
  publisher={Department of Mathematics, Princeton University Princeton, New Jersey, USA}
}

@article{van2014renyi,
  title={R{\'e}nyi divergence and {K}ullback-{L}eibler divergence},
  author={Van Erven, Tim and Harremos, Peter},
  journal={IEEE Transactions on Information Theory},
  volume={60},
  number={7},
  pages={3797--3820},
  year={2014},
  publisher={IEEE}
}


@book{aldous1995reversible,
  title={Reversible Markov chains and random walks on graphs},
  author={Aldous, David and Fill, James},
  year={1995},
  publisher={Berkeley}
}

@InProceedings{LV2003,
  Title                    = {Simulated Annealing in Convex Bodies and an {$O^*(n^4)$} Volume
 Algorithm},
  Author                   = {L{\'a}szl{\'o} Lov{\'a}sz and
 Santosh Vempala},
  Booktitle                = {FOCS},
  Year                     = {2003},
  Pages                    = {650--659},
  Bibsource                = {DBLP, http://dblp.uni-trier.de},
  Doi                      = {10.1109/SFCS.2003.1238237}
}

@inproceedings{rademacher2007approximating,
  author    = {Luis Rademacher},
  title     = {Approximating the centroid is hard},
  booktitle = {Proceedings of the 23rd {ACM} Symposium on Computational Geometry,
               Gyeongju, South Korea, June 6-8, 2007},
  pages     = {302--305},
  year      = {2007},
  url       = {https://doi.org/10.1145/1247069.1247123},
  doi       = {10.1145/1247069.1247123},
  timestamp = {Tue, 06 Nov 2018 16:57:04 +0100},
  biburl    = {https://dblp.org/rec/bib/conf/compgeom/Rademacher07},
  bibsource = {dblp computer science bibliography, https://dblp.org}
}

@article{frieze1999,
author = "Alan Frieze and Ravi Kannan",
doi = "10.1214/aoap/1029962595",
fjournal = "The Annals of Applied Probability",
journal = "Ann. Appl. Probab.",
month = "02",
number = "1",
pages = "14--26",
publisher = "The Institute of Mathematical Statistics",
title = "Log-Sobolev inequalities and sampling from log-concave
		 distributions",
url = "https://doi.org/10.1214/aoap/1029962595",
volume = "9",
year = "1999"
}

@article{diaconis1996,
author = "P. Diaconis and L. Saloff-Coste",
doi = "10.1214/aoap/1034968224",
fjournal = "The Annals of Applied Probability",
journal = "Ann. Appl. Probab.",
month = "08",
number = "3",
pages = "695--750",
publisher = "The Institute of Mathematical Statistics",
title = "Logarithmic Sobolev inequalities for finite Markov chains",
url = "https://doi.org/10.1214/aoap/1034968224",
volume = "6",
year = "1996"
}

@article{kannan_vempala_2017, 
title={Randomized algorithms in numerical linear algebra}, 
volume={26},
journal={Acta Numerica}, 
publisher={Cambridge University Press}, 
author={Kannan, Ravindran and Vempala, Santosh}, 
year={2017}, 
pages="95--135"
}

@Article{AM2007,
  Title                    = {Fast computation of low-rank matrix approximations},
  Author                   = {Dimitris Achlioptas and
 Frank McSherry},
  Journal                  = {J. ACM},
  Year                     = {2007},
  Number                   = {2},
  Volume                   = {54}
}

@InProceedings{Achlioptas2005,
  Title                    = {On Spectral Learning of Mixtures of Distributions},
  Author                   = {D. Achlioptas and F. McSherry},
  Booktitle                = {Proc. of COLT},
  Year                     = {2005}
}

@Article{almaas2004global,
  Title                    = {Global organization of metabolic fluxes in the bacterium Escherichia coli},
  Author                   = {Almaas, E. and Kovacs, B. and Vicsek, T. and Oltvai, Z.N. and Barab{\'a}si, A.-L.},
  Journal                  = {Nature},
  Year                     = {2004},
  Number                   = {6977},
  Pages                    = {839--843},
  Volume                   = {427},

  Publisher                = {Nature Publishing Group}
}

@Article{DP09,
  Title                    = {NP-hardness of {Euclid}ean sum-of-squares clustering},
  Author                   = {Aloise, Daniel and Deshpande, Amit and Hansen, Pierre and
Popat, Preyas},
  Journal                  = {Machine Learning},
  Year                     = {2009},
  Number                   = {2},
  Pages                    = {245--248},
  Volume                   = {75}
}

@Article{Alon86,
  Title                    = {Eigenvalues and expanders},
  Author                   = {N. Alon},
  Journal                  = {Combinatorica},
  Year                     = {1986},
  Pages                    = {83--96},
  Volume                   = {6}
}

@Article{AFKK02,
  Title                    = {Random sub-problems of Max-SNP problems},
  Author                   = {N. Alon and W.F. DeLaVega and R. Kannan and M. Karpinski},
  Journal                  = {Proceedings of the 34th Annual ACM Symposium on Theory on
Computing},
  Year                     = {2002},
  Pages                    = {668--677}
}

@Article{AKS98,
  Title                    = {Finding a Large Hidden Clique in a Random Graph},
  Author                   = {N. Alon and M. Krivelevich and B. Sudakov},
  Journal                  = {Random Structures and Algorithms},
  Year                     = {1998},
  Pages                    = {457--466},
  Volume                   = {13}
}

@Article{AZ98,
  Title                    = {Deformed Products and Maximal Shadows},
  Author                   = {N. Amenta and G.M. Ziegler},
  Journal                  = {Contemporary Math.},
  Year                     = {1998},
  Pages                    = {57--90},
  Volume                   = {223}
}

@Article{Arora2005,
  Title                    = {Learning mixtures of arbitrary {Gauss}ians},
  Author                   = {S. Arora and R. Kannan},
  Journal                  = {Annals of Applied Probability},
  Year                     = {2005},
  Number                   = {1A},
  Pages                    = {69--92},
  Volume                   = {15}
}

@Article{AKK95,
  Title                    = {Polynomial time approximation schemes for dense instances of
NP-hard problems},
  Author                   = {S. Arora and D. Karger and M. Karpinski},
  Journal                  = {Proceedings of the 27th Annual ACM Symposium on Theory of
Computing},
  Year                     = {1995},
  Pages                    = {284--293}
}

@InProceedings{ARV04,
  Title                    = {Expander flows, geometric embeddings and graph partitioning},
  Author                   = {Arora, Sanjeev and Rao, Satish and Vazirani, Umesh},
  Booktitle                = {STOC '04: Proceedings of the thirty-sixth annual ACM symposium on Theory of computing},
  Year                     = {2004},
  Pages                    = {222--231}
}

@Article{AV06,
  Title                    = {An algorithmic theory of learning: Robust concepts and random projection},
  Author                   = {Rosa I. Arriaga and Santosh Vempala},
  Journal                  = {Mach. Learn.},
  Year                     = {2006},
  Number                   = {2},
  Pages                    = {161--182},
  Volume                   = {63},

  Address                  = {Hingham, MA, USA},
  Doi                      = {10.1007/s10994-006-6265-7},
  ISSN                     = {0885-6125},
  Publisher                = {Kluwer Academic Publishers}
}

@InProceedings{AV2007,
  Title                    = {k-means++: The Advantages of Careful Seeding},
  Author                   = {D. Arthur and S. Vassilvitskii},
  Booktitle                = {Proc. of SODA},
  Year                     = {2007}
}

@Article{AvisF93,
  Title                    = {Reverse Search for Enumeration},
  Author                   = {David Avis and Komei Fukuda},
  Journal                  = {Discrete Applied Mathematics},
  Year                     = {1993},
  Pages                    = {21--46},
  Volume                   = {65}
}

@InProceedings{AFKM2001,
  Title                    = {Spectral analysis of data},
  Author                   = {Y.~Azar and A.~Fiat and A.~Karlin and F.~McSherry},
  Booktitle                = {Proc. of STOC},
  Year                     = {2001},
  Pages                    = {619--626}
}

@Article{Barany1987,
  Title                    = {Computing the volume is difficult},
  Author                   = {B{\'a}r{\'a}ny, I. and F{\"u}redi, Z.},
  Journal                  = {Discrete Comput. Geom.},
  Year                     = {1987},
  Number                   = {4},
  Pages                    = {319--326},
  Volume                   = {2},

  Coden                    = {DCGEER},
  Doi                      = {10.1007/BF02187886},
  Fjournal                 = {Discrete \& Computational Geometry. An International Journal
 of Mathematics and Computer Science},
  ISSN                     = {0179-5376},
  Mrclass                  = {68U05 (52-04 68Q25)},
  Mrnumber                 = {911186 (89a:68203)},
  Mrreviewer               = {Klaus Sutner}
}

@Article{BVV07,
  Title                    = {Nash equilibria in random games},
  Author                   = {Imre B{\'a}r{\'a}ny and
 Santosh Vempala and
 Adrian Vetta},
  Journal                  = {Random Struct. Algorithms},
  Year                     = {2007},
  Number                   = {4},
  Pages                    = {391--405},
  Volume                   = {31}
}

@InProceedings{BB08,
  Title                    = {Clustering with Interactive Feedback},
  Author                   = {M.F. Balcan and A. Blum},
  Booktitle                = {Proc.~19th International Conference on Algorithmic Learning Theory (ALT)},
  Year                     = {2008}
}

@InProceedings{BB06,
  Title                    = {On a Theory of Learning with Similarity Functions},
  Author                   = {M.F. Balcan and A. Blum},
  Booktitle                = {Proc. International Conference on Machine Learning (ICML)},
  Year                     = {2006},
  Pages                    = {73--80}
}

@InProceedings{BBG09,
  Title                    = {Approximate clustering without the approximation},
  Author                   = {M.F. Balcan and A.~Blum and A.~Gupta},
  Booktitle                = {Proceedings of the ACM-SIAM Symposium on Discrete
Algorithms (SODA)},
  Year                     = {2009}
}

@InProceedings{BBV08,
  Title                    = {A discriminative framework for clustering via similarity
 functions},
  Author                   = {M.F. Balcan and A. Blum and S. Vempala},
  Booktitle                = STOC,
  Year                     = {2008}
}

@Article{BBV06,
  Title                    = {Kernels as Features: On Kernels, Margins, and Low-dimensional Mappings},
  Author                   = {M.F. Balcan and A. Blum and S. Vempala},
  Journal                  = {Machine Learning},
  Year                     = {2006},
  Number                   = {1},
  Pages                    = {79--94},
  Volume                   = {65}
}

@InProceedings{BB05,
  Title                    = {A {PAC}-style Model for Learning from Labeled and Unlabeled Data},
  Author                   = {M-F.~Balcan and A.~Blum},
  Booktitle                = {Proc.~18th COLT},
  Year                     = {2005},
  Note                     = {Appears also as Chapter 22, ``An Augmented PAC Model for Semi-Supervised Learning'', in Semi-Supervised Learning, Chapelle, Zien, and Scholkopf (eds), MIT Press, 2006.},
  Pages                    = {111--126}
}

@InProceedings{BBY04,
  Title                    = {Co-Training and Expansion: Towards Bridging Theory and
Practice},
  Author                   = {M.-F. Balcan and A. Blum and K. Yang},
  Booktitle                = {Advances in Neural Information Processing Systems (NIPS)},
  Year                     = {2004}
}

@InProceedings{BBC02,
  Title                    = {Correlation Clustering},
  Author                   = {N. Bansal and A. Blum and S. Chawla},
  Booktitle                = FOCS,
  Year                     = {2002},
  Pages                    = {238--247}
}

@Article{qhull,
  Title                    = {The Quickhull algorithm for convex hulls},
  Author                   = {C. Barber and D. Dobkin and H. Huhdanpaa},
  Journal                  = {ACM Transactions on Mathematical Software},
  Year                     = {1996},
  Number                   = {4},
  Pages                    = {469--483},
  Volume                   = {22}
}

@Article{BN02,
  Title                    = {Hyperplane projections of the unit ball of l$_{\mbox{p}}^{\mbox{n}}$},
  Author                   = {F. Barthe and
 A. Naor},
  Journal                  = {Discrete {\&} Computational Geometry},
  Year                     = {2002},
  Number                   = {2},
  Pages                    = {215--226},
  Volume                   = {27}
}

@Article{Baum90,
  Title                    = {On learning a union of half spaces},
  Author                   = {Eric B. Baum},
  Journal                  = {J. Complexity},
  Year                     = {1990},
  Number                   = {1},
  Pages                    = {67--101},
  Volume                   = {6},

  Bibsource                = {DBLP, http://dblp.uni-trier.de},
  Doi                      = {10.1016/0885-064X(90)90012-3}
}

@InProceedings{Baum90b,
  Title                    = {Polynomial Time Algorithms for Learning Neural Nets},
  Author                   = {Eric B. Baum},
  Booktitle                = {COLT},
  Year                     = {1990},
  Pages                    = {258--272},

  Bibsource                = {DBLP, http://dblp.uni-trier.de},
  Ee                       = {http://portal.acm.org/citation.cfm?id=92571.92652}
}

@Article{BP03,
  Title                    = {The {E}hrhart polynomial of the {B}irkhoff polytope},
  Author                   = {Beck, M. and Pixton, D.},
  Journal                  = {Discrete Comput. Geom.},
  Year                     = {2003},
  Number                   = {4},
  Pages                    = {623--637},
  Volume                   = {30},

  Coden                    = {DCGEER},
  Doi                      = {10.1007/s00454-003-2850-8},
  Fjournal                 = {Discrete \& Computational Geometry. An International Journal
 of Mathematics and Computer Science},
  ISSN                     = {0179-5376},
  Mrclass                  = {52B12 (52B55)},
  Mrnumber                 = {2013976 (2004g:52015)},
  Mrreviewer               = {David Perkinson}
}

@Article{BNN13,
  Title                    = {Heat flow and a faster algorithm to compute the surface area
 of a convex body},
  Author                   = {Belkin, M. and Narayanan, H. and Niyogi, P.},
  Journal                  = {Random Structures Algorithms},
  Year                     = {2013},
  Number                   = {4},
  Pages                    = {407--428},
  Volume                   = {43},

  Doi                      = {10.1002/rsa.20513},
  Fjournal                 = {Random Structures \& Algorithms},
  ISSN                     = {1042-9832},
  Mrclass                  = {52A39 (52B55 68U05 68W40)},
  Mrnumber                 = {3124690}
}

@Article{BFV2009,
  Title                    = {An Efficient Rescaled Perceptron Algorithm for Conic Systems},
  Author                   = {A. Belloni and
 R. M. Freund and
 S. Vempala},
  Journal                  = {Math. Oper. Res.},
  Year                     = {2009},
  Number                   = {3},
  Pages                    = {621--641},
  Volume                   = {34}
}

@InProceedings{BFV07,
  Title                    = {An Efficient Re-scaled Perceptron Algorithm for Conic Systems},
  Author                   = {A. Belloni and
 R. M. Freund and
 S. Vempala},
  Booktitle                = {COLT},
  Year                     = {2007},
  Pages                    = {393--408}
}

@Article{BDO95,
  Title                    = {Using linear algebra for intelligent information retrieval},
  Author                   = {M.W. Berry and S.T. Dumais and G.W. O'Brien},
  Journal                  = {SIAM Review},
  Year                     = {1995},
  Number                   = {4},
  Pages                    = {573--595},
  Volume                   = {37}
}

@Article{BB+,
  Title                    = {Algorithmic Prediction of Healthcare Costs and Discovery of Medical Knowledge},
  Author                   = {D. Bertsimas and M. Bjarnadottir and M. Kane and C. Kryder and R. Pandey and S. Vempala and G. Wang},
  Journal                  = {Operations Research},
  Year                     = {2008}
}

@Book{bhatia,
  Title                    = {Matrix Analysis},
  Author                   = {R. Bhatia},
  Publisher                = {Springer},
  Year                     = {1997}
}

@Article{Bhatia1994,
  Title                    = {Matrix Factorizations and their perturbations},
  Author                   = {R. Bhatia},
  Journal                  = {Linear Algebra and its applications},
  Year                     = {1994},
  Pages                    = {245--276},
  Volume                   = {197, 198}
}

@Article{BFKV98,
  author  = {Blum, A. and Frieze, A. and Kannan, R. and Vempala, S.},
  journal = {Algorithmica},
  title   = {A polynomial-time algorithm for learning noisy linear threashold functions},
  year    = {1998},
  number  = {1},
  pages   = {35--52},
  volume  = {22},
}

@Article{BK97,
  Title                    = {Learning an Intersection of a Constant Number of Halfspaces
 over a Uniform Distribution},
  Author                   = {Avrim Blum and
 Ravindran Kannan},
  Journal                  = {J. Comput. Syst. Sci.},
  Year                     = {1997},
  Number                   = {2},
  Pages                    = {371--380},
  Volume                   = {54}
}

@InProceedings{BK93,
  Title                    = {Learning an Intersection of k Halfspaces over a Uniform
 Distribution},
  Author                   = {Avrim Blum and
 Ravi Kannan},
  Booktitle                = {FOCS},
  Year                     = {1993},
  Pages                    = {312--320}
}

@InProceedings{BM98,
  Title                    = {Combining Labeled and Unlabeled Data with
Co-Training},
  Author                   = {A. Blum and T.~M. Mitchell},
  Booktitle                = {Proceedings of the 11\textsuperscript{th} Annual Conference on
 Computational Learning Theory},
  Year                     = {1998},
  Pages                    = {92--100}
}

@Article{BR92,
  Title                    = {Training a 3-node neural network is NP-complete},
  Author                   = {Avrim Blum and
 Ronald L. Rivest},
  Journal                  = {Neural Networks},
  Year                     = {1992},
  Number                   = {1},
  Pages                    = {117--127},
  Volume                   = {5},

  Bibsource                = {DBLP, http://dblp.uni-trier.de},
  Doi                      = {10.1016/S0893-6080(05)80010-3}
}

@InProceedings{Blum94,
  Title                    = {Relevant Examples and Relevant Features: Thoughts from Computational Learning Theory},
  Author                   = {Avrim L. Blum},
  Booktitle                = {In AAAI Fall Symposium on Relevance},
  Year                     = {1994}
}

@Article{Bobkov2007,
  Title                    = {On isoperimetric constants for log-concave probability distributions},
  Author                   = {S. Bobkov},
  Journal                  = {Geometric aspects of functional analysis, Lect. notes in Math.},
  Year                     = {2007},
  Pages                    = {81--88},
  Volume                   = {1910},

  Publisher                = {Springer}
}

@article{Bourgain1986,
  title={On high dimensional maximal functions associated to convex bodies},
  author={Bourgain, Jean},
  journal={American Journal of Mathematics},
  volume={108},
  number={6},
  pages={1467--1476},
  year={1986},
  publisher={JSTOR}
}

@INPROCEEDINGS{Ledoux04,
    author = {M. Ledoux},
    title = {Spectral Gap, Logarithmic Sobolev Constant, and Geometric Bounds},
    booktitle = {Surveys in Diff. Geom., Vol. IX},
    year = {2004},
    pages = {219--240},
    publisher = {Int. Press}
}

@inbook{Cheeger69,
title = "A lower bound for the smallest eigenvalue of the Laplacian",
author = "Jeff Cheeger",
year = "1969",
pages = "195--199",
booktitle = {Proceedings of the Princeton conference in honor of Professor S. Bochner},
publisher = {Princeton Univ. Press}
}

@article{Mazja60,
author = {V.G.Maz'ja}, 
title = {Classes of domains and imbedding theorems for function spaces},
journal = {Dokl. Acad. Nauk SSSR (Engl. transl. Soviet Math. Dokl., 1 (1961) 882-885)}, 
volume = {3},
pages = {527-530}, 
year = {1960} 
}


@Article{BL00,
  Title                    = {From Brunn-Minkowski To Brascamp-Lieb And To Logarithmic Sobolev Inequalities},
  Author                   = {S. G. Bobkov and M. Ledoux},
  Journal                  = {Geom. Funct. Anal},
  Year                     = {2000},
  Pages                    = {1028--1052},
  Volume                   = {10}
}

@Article{Bop87,
  Title                    = {{Eigenvalues and graph bisection: An average-case analysis}},
  Author                   = {R.~Boppana},
  Journal                  = {Proceedings of the 28th IEEE Symposium on Foundations of
Computer Science},
  Year                     = {1987},
  Pages                    = {280--285}
}

@Article{Bourgain96,
  Title                    = {Random points in isotropic convex sets},
  Author                   = {J. Bourgain},
  Journal                  = {Convex geometric analysis},
  Year                     = {1996},
  Pages                    = {53--58},
  Volume                   = {34},

  Publisher                = {Cambridge Univ. Press},
  Series                   = {Math. Sci. Res. Inst. Publ.}
}

@Article{BL76,
  Title                    = {On Extensions of the Brunn-Minkowski and Prekopa-Liendler Theorems, Including Inequalities for log-Concave Functions, and with Application to the Diffusion EquationsLogarithmic concave measures and functions},
  Author                   = {H. J. Brascamp and E. H. Lieb},
  Journal                  = {J. Functional Anal.},
  Year                     = {1976},
  Pages                    = {366--389},
  Volume                   = {22}
}

@Article{brody02,
  Title                    = {{Significance and statistical errors in the analysis of {DNA} microarray data}},
  Author                   = {Brody, J.P. and Williams, B.A. and Wold, B.J. and Quake, S.R.},
  Journal                  = {Proceedings of the National Academy of Sciences of the United States of America},
  Year                     = {2002},
  Number                   = {20},
  Pages                    = {12975--12978},
  Volume                   = {99},

  Doi                      = {10.1073/pnas.162468199}
}

@Article{Bourgain91,
  author =       "J. Bourgain",
  title =        "On the distribution of polynomials on high dimensional
                 convex sets",
  journal =      j-LECT-NOTES-MATH,
  volume =       "1469",
  pages =        "127--137",
  year =         "1991",
  CODEN =        "LNMAA2",
  DOI =          "http://dx.doi.org/10.1007/BFb0089219",
  ISBN =         "3-540-54024-5 (print), 3-540-47355-6 (e-book)",
  ISBN-13 =      "978-3-540-54024-3 (print), 978-3-540-47355-8
                 (e-book)",
  ISSN =         "0075-8434 (print), 1617-9692 (electronic)",
  ISSN-L =       "0075-8434",
  MRclass =      "52A21 (46B07 46E30 52A20)",
  MRnumber =     "1122617 (92j:52007)",
  MRreviewer =   "Wolfgang Lusky",
  bibdate =      "Fri May 9 19:07:22 MDT 2014",
  bibsource =    "http://www.math.utah.edu/pub/tex/bib/lnm1990.bib",
  URL =          "http://link.springer.com/chapter/10.1007/BFb0089219/",
  acknowledgement = ack-nhfb,
  book-DOI =     "http://dx.doi.org/10.1007/BFb0089211",
  book-URL =     "http://www.springerlink.com/content/978-3-540-47355-8",
  fjournal =     "Lecture Notes in Mathematics",
  journal-URL =  "http://link.springer.com/bookseries/304",
}

@InProceedings{Brubaker2009a,
  Title                    = {Robust {PCA} and Clustering on Noisy Mixtures},
  Author                   = {S. C. Brubaker},
  Booktitle                = {Proc. of SODA},
  Year                     = {2009}
}

@InProceedings{Brubaker2008,
  Title                    = {Isotropic {PCA} and Affine-Invariant Clustering},
  Author                   = {S. C. Brubaker and S. Vempala},
  Booktitle                = {Building Bridges Between Mathematics and Computer Science},
  Year                     = {2008},
  Editor                   = {M. Gr\"{o}tschel and G. Katona},
  Series                   = {Bolyai Society Mathematical Studies},
  Volume                   = {19}
}

@InProceedings{Brubaker2009b,
  Title                    = {Random Tensors and Planted Cliques},
  Author                   = {S. C. Brubaker and S. Vempala},
  Booktitle                = {Proc. of RANDOM},
  Year                     = {2009}
}

@Article{bubeck2014entropic,
  Title                    = {The entropic barrier: a simple and optimal universal self-concordant barrier},
  Author                   = {Bubeck, S{\'e}bastien and Eldan, Ronen},
  Journal                  = {arXiv preprint arXiv:1412.1587},
  Year                     = {2014}
}

@Article{bubeck2015sampling,
  Title                    = {Sampling from a log-concave distribution with Projected Langevin {Monte Carlo}},
  Author                   = {Bubeck, S{\'e}bastien and Eldan, Ronen and Lehec, Joseph},
  Journal                  = {arXiv preprint arXiv:1507.02564},
  Year                     = {2015}
}

@inproceedings{bubeck2017kernel,
  title={Kernel-based methods for bandit convex optimization},
  author={Bubeck, S{\'e}bastien and Lee, Yin Tat and Eldan, Ronen},
  booktitle={Proceedings of the 49th Annual ACM SIGACT Symposium on Theory of Computing},
  pages={72--85},
  year={2017},
  organization={ACM}
}

@inproceedings{narayanan2010random,
  title={Random walk approach to regret minimization},
  author={Narayanan, Hariharan and Rakhlin, Alexander},
  booktitle={Advances in Neural Information Processing Systems},
  pages={1777--1785},
  year={2010}
}

@Article{BDJ98,
  Title                    = {An elementary analysis of a procedure for sampling points in a
 convex body},
  Author                   = {Bubley, R. and Dyer, M. and Jerrum, M.},
  Journal                  = {Random Structures Algorithms},
  Year                     = {1998},
  Number                   = {3},
  Pages                    = {213--235},
  Volume                   = {12},

  Doi                      = {10.1002/(SICI)1098-2418(199805)12:3<213::AID-RSA1>3.3.CO;2-R},
  Fjournal                 = {Random Structures \& Algorithms},
  ISSN                     = {1042-9832},
  Mrclass                  = {68Q25 (65C50 68W25)},
  Mrnumber                 = {1635248 (2000e:68071)}
}

@Article{BubleyDJ98,
  Title                    = {An elementary analysis of a procedure for sampling points
 in a convex body},
  Author                   = {Russ Bubley and
 Martin E. Dyer and
 Mark Jerrum},
  Journal                  = {Random Struct. Algorithms},
  Year                     = {1998},
  Number                   = {3},
  Pages                    = {213--235},
  Volume                   = {12},

  Bibsource                = {DBLP, http://dblp.uni-trier.de},
  Doi                      = {10.1002/(SICI)1098-2418(199805)12:3$<$213::AID-RSA1$>$3.0.CO;2-Y}
}

@Article{CM09,
  Title                    = {The asymptotic volume of the {B}irkhoff polytope},
  Author                   = {Canfield, E. R. and McKay, B.},
  Journal                  = {Online J. Anal. Comb.},
  Year                     = {2009},
  Number                   = {4},
  Pages                    = {4},

  Fjournal                 = {Online Journal of Analytic Combinatorics},
  ISSN                     = {1931-3365},
  Mrclass                  = {52A38 (05A16 15B51)},
  Mrnumber                 = {2575172 (2010j:52020)}
}

@Article{CV1,
  Title                    = {On the Held-Karp relaxation for the asymmetric and symmetric traveling salesman problems},
  Author                   = {Robert Carr and Santosh Vempala},
  Journal                  = {Math. Program.},
  Year                     = {2004},
  Number                   = {3},
  Pages                    = {569--587},
  Volume                   = {100},

  Address                  = {Secaucus, NJ, USA},
  Doi                      = {10.1007/s10107-004-0506-y},
  ISSN                     = {0025-5610},
  Publisher                = {Springer-Verlag New York, Inc.}
}

@Article{CV2,
  Title                    = {Randomized metarounding},
  Author                   = {Robert Carr and Santosh Vempala},
  Journal                  = {Random Struct. Algorithms},
  Year                     = {2002},
  Number                   = {3},
  Pages                    = {343--352},
  Volume                   = {20},

  Address                  = {New York, NY, USA},
  Doi                      = {10.1002/rsa.10033},
  ISSN                     = {1042-9832},
  Publisher                = {John Wiley \& Sons, Inc.}
}

@InProceedings{CDSS06,
  Title                    = {Relaxing Haplotype Block Models for Association Testing},
  Author                   = {N. Castellana and K. Dhamdhere and S Sridhar and R. Schwartz},
  Booktitle                = {Pacific Symposium on Biocomputing},
  Year                     = {2006},
  Pages                    = {454--466}
}

@Article{cauchy1,
  Title                    = {Sur la nouvelle m\'{e}thode d'interpolation compar\'{e}e \'{a} la m\'{e}thode des moindre carr\'{e}s},
  Author                   = {Cauchy, A.L.},
  Journal                  = {C. r. hebd. S\'{e}anc. Acad. Sci., Paris},
  Year                     = {1853},
  Pages                    = {100--9},
  Volume                   = {37}
}

@Article{cauchy2,
  Title                    = {Memoire sur les coefficients limitateurs ou restrict\'{e}urs},
  Author                   = {Cauchy, A.L.},
  Journal                  = {C. r. hebd. S\'{e}anc. Acad. Sci., Paris},
  Year                     = {1853},
  Pages                    = {264--72},
  Volume                   = {37}
}

@Article{CR99,
  Title                    = {On the volume of the polytope of doubly stochastic matrices},
  Author                   = {Chan, C. and Robbins, D.},
  Journal                  = {Experiment. Math.},
  Year                     = {1999},
  Number                   = {3},
  Pages                    = {291--300},
  Volume                   = {8},

  Fjournal                 = {Experimental Mathematics},
  ISSN                     = {1058-6458},
  Mrclass                  = {15A51 (52A38)},
  Mrnumber                 = {1724161 (2000k:15048)},
  Mrreviewer               = {Jacques Dubois},
  Url                      = {http://projecteuclid.org/getRecord?id=euclid.em/1047262409}
}

@Article{CRY00,
  Title                    = {On the volume of a certain polytope},
  Author                   = {Chan, C. and Robbins, D. and Yuen, D.},
  Journal                  = {Experiment. Math.},
  Year                     = {2000},
  Number                   = {1},
  Pages                    = {91--99},
  Volume                   = {9},

  Fjournal                 = {Experimental Mathematics},
  ISSN                     = {1058-6458},
  Mrclass                  = {52B20 (05A10 52A38 52A40)},
  Mrnumber                 = {1758803 (2001d:52022)},
  Url                      = {http://projecteuclid.org/getRecord?id=euclid.em/1046889594}
}

@InProceedings{CDV10,
  Title                    = {Thin Partitions: Isoperimetric Inequalities and a Sampling
 Algorithm for Star Shaped Bodies},
  Author                   = {K. Chandrasekaran and
 D. Dadush and
 S. Vempala},
  Booktitle                = {SODA},
  Year                     = {2010},
  Pages                    = {1630--1645}
}

@InProceedings{CDV09,
  Title                    = {Sampling s-Concave Functions: The Limit of Convexity Based
 Isoperimetry},
  Author                   = {K. Chandrasekaran and
 A. Deshpande and
 S. Vempala},
  Booktitle                = {APPROX-RANDOM},
  Year                     = {2009},
  Pages                    = {420--433}
}

@InProceedings{CGTS99,
  Title                    = {A constant-factor approximation algorithm for the k-median problem},
  Author                   = {Moses Charikar and Sudipto Guha and {\~{A}}{\textperthousand}va Tardos and David B. Shmoys},
  Booktitle                = {Proc. of the 31\textsuperscript{st} Annual ACM Symposium on Theory of Computing},
  Year                     = {1999},
  Pages                    = {1--10}
}

@InProceedings{Chaudhuri2008a,
  Title                    = {Beyond {Gauss}ians: Spectral Methods for Learning Mixtures of Heavy-Tailed Distributions},
  Author                   = {K. Chaudhuri and S. Rao},
  Booktitle                = {Proc. of COLT},
  Year                     = {2008}
}

@InProceedings{Chaudhuri2008b,
  Title                    = {Learning Mixtures of Product Distributions using Correlations and Independence},
  Author                   = {K. Chaudhuri and S. Rao},
  Booktitle                = {Proc. of COLT},
  Year                     = {2008}
}

@Article{CKVW06,
  Title                    = {A divide-and-merge methodology for clustering},
  Author                   = {Cheng, David and Kannan, Ravi and Vempala, Santosh and Wang, Grant},
  Journal                  = {ACM Trans. Database Syst.},
  Year                     = {2006},
  Number                   = {4},
  Pages                    = {1499--1525},
  Volume                   = {31}
}

@Article{CVV06,
  Title                    = {Network design via iterative rounding of setpair relaxations},
  Author                   = {Cheriyan, J. and Vempala, S. and Vetta, A.},
  Journal                  = {Combinatorica},
  Year                     = {2006},
  Pages                    = {255--275},
  Volume                   = {26}
}

@Article{CV15b,
  Title                    = {A practical volume algorithm},
  Author                   = {Cousins, B. and Vempala, S.S.},
  Journal                  = {Math. Prog. Computation},
  Year                     = {2016},
  Note                     = {to appear}
}

@Inbook{Bobkov2003,
author="Bobkov, S. G.
and Koldobsky, A.",
editor="Milman, Vitali D.
and Schechtman, Gideon",
title="On the Central Limit Property of Convex Bodies",
bookTitle="Geometric Aspects of Functional Analysis: Israel Seminar 2001-2002",
year="2003",
publisher="Springer Berlin Heidelberg",
address="Berlin, Heidelberg",
pages="44--52",
isbn="978-3-540-36428-3",
doi="10.1007/978-3-540-36428-3_5",
url="http://dx.doi.org/10.1007/978-3-540-36428-3_5"
}


@Article{Vem-notes15,
Title = {Algorithmic aspects of convexity},
Author = {Vempala, S. S.},
Journal = {Lecture notes from the Institut Henri Poincare Winter School, January 19-23},
Year = {2015}
}

@article{LeeV16,
  author    = {Yin Tat Lee and
               Santosh S. Vempala},
  title     = {Geodesic Walks on Polytopes},
  journal   = {CoRR},
  volume    = {abs/1606.04696},
  year      = {2016},
  url       = {http://arxiv.org/abs/1606.04696},
  timestamp = {Fri, 01 Jul 2016 17:39:49 +0200},
  biburl    = {http://dblp.uni-trier.de/rec/bib/journals/corr/LeeV16},
  bibsource = {dblp computer science bibliography, http://dblp.org}
}

@inproceedings{LeeV17geodesic,
  author    = {Yin Tat Lee and
               Santosh Srinivas Vempala},
  title     = {Geodesic walks in polytopes},
  booktitle = {Proceedings of the 49th Annual {ACM} {SIGACT} Symposium on Theory
               of Computing, {STOC} 2017, Montreal, QC, Canada, June 19-23, 2017},
  pages     = {927--940},
  year      = {2017},
  url       = {http://doi.acm.org/10.1145/3055399.3055416},
  doi       = {10.1145/3055399.3055416},
  timestamp = {Sat, 17 Jun 2017 18:46:57 +0200},
  biburl    = {http://dblp.uni-trier.de/rec/bib/conf/stoc/LeeV17},
  bibsource = {dblp computer science bibliography, http://dblp.org}
}

@InProceedings{CV2015,
  Title                    = {Bypassing {KLS}: {Gauss}ian cooling and an {$O^*(n^3)$} volume algorithm},
  Author                   = {B. Cousins and S. Vempala},
  Booktitle                = {STOC},
  Year                     = {2015},
  Pages                    = {539--548}
}

@InProceedings{CV2014,
  Title                    = {A Cubic Algorithm for Computing {G}aussian Volume},
  Author                   = {B. Cousins and S. Vempala},
  Booktitle                = {SODA},
  Year                     = {2014},
  Pages                    = {1215--1228}
}

@Article{CV13,
  Title                    = {Volume Computation of Convex Bodies},
  Author                   = {Cousins, B. and Vempala, S.},
  Journal                  = {MATLAB File Exchange},
  Year                     = {2013},
  Note                     = {http://www.mathworks.com/matlabcentral/fileexchange/\\43596-volume-computation-of-convex-bodies}
}

@InProceedings{DV12,
  Title                    = {Deterministic Construction of an Approximate M-Ellipsoid and its
Application to Derandomizing Lattice Algorithms},
  Author                   = {D. Dadush and
 S. Vempala},
  Booktitle                = {SODA},
  Year                     = {2012}
}

@Article{dalalyan2014theoretical,
  Title                    = {Theoretical guarantees for approximate sampling from smooth and log-concave densities},
  Author                   = {Dalalyan, Arnak S},
  Journal                  = {arXiv preprint arXiv:1412.7392},
  Year                     = {2014}
}

@InProceedings{DHKM07,
  Title                    = {Spectral clustering with limited independence},
  Author                   = {Dasgupta, Anirban and Hopcroft, John and Kannan, Ravi and Mitra, Pradipta},
  Booktitle                = {Proc. of SODA},
  Year                     = {2007},

  Address                  = {Philadelphia, PA, USA},
  Pages                    = {1036--1045},
  Publisher                = {Society for Industrial and Applied Mathematics},

  Location                 = {New Orleans, Louisiana}
}

@InProceedings{Dasgupta2005,
  Title                    = {On Learning Mixtures of Heavy-Tailed Distributions},
  Author                   = {A. Dasgupta and J. Hopcroft and J. Kleinberg and M. Sandler},
  Booktitle                = {Proc. of FOCS},
  Year                     = {2005}
}

@InProceedings{Dasgupta1999,
  Title                    = {Learning mixtures of {Gauss}ians},
  Author                   = {S. DasGupta},
  Booktitle                = {Proc. of FOCS},
  Year                     = {1999}
}

@InProceedings{Dasgupta2000,
  Title                    = {A two-round variant of EM for {Gauss}ian mixtures},
  Author                   = {S. DasGupta and L. Schulman},
  Booktitle                = {Proc. of UAI},
  Year                     = {2000}
}

@Article{diim,
  Title                    = {Locality-sensitive hashing scheme based on $p$-stable distributions},
  Author                   = {Datar, M. and Immorlica, N. and Indyk, P. and Mirrokni, V.},
  Journal                  = {In Proc. of the 20th Annual Symposium on Computational Geometry (SOCG)},
  Year                     = {2004},
  Pages                    = {253--262}
}

@Article{DLY09,
  Title                    = {A generating function for all semi-magic squares and the
 volume of the {B}irkhoff polytope},
  Author                   = {De Loera, J. A. and Liu, F. and Yoshida, R.},
  Journal                  = {J. Algebraic Combin.},
  Year                     = {2009},
  Number                   = {1},
  Pages                    = {113--139},
  Volume                   = {30},

  Coden                    = {JAOME7},
  Doi                      = {10.1007/s10801-008-0155-y},
  Fjournal                 = {Journal of Algebraic Combinatorics. An International Journal},
  ISSN                     = {0925-9899},
  Mrclass                  = {52B20 (05A15 05B15 52C07)},
  Mrnumber                 = {2519852 (2010h:52017)},
  Mrreviewer               = {Alexander I. Barvinok}
}

@Article{Dempster1977,
  Title                    = {Maximum likelihood from incomplete data via the EM algorithm},
  Author                   = {A.P. Dempster and N.M. Laird and D.B. Rubin},
  Journal                  = {JRSS B},
  Year                     = {1977},
  Pages                    = {1--38},
  Volume                   = {39}
}

@Article{DRVW06,
  Title                    = {Matrix Approximation and Projective Clustering via Volume
 Sampling},
  Author                   = {Amit Deshpande and
 Luis Rademacher and
 Santosh Vempala and
 Grant Wang},
  Journal                  = {Theory of Computing},
  Year                     = {2006},
  Number                   = {1},
  Pages                    = {225--247},
  Volume                   = {2}
}

@InProceedings{DV2006,
  Title                    = {Adaptive Sampling and Fast Low-Rank Matrix Approximation},
  Author                   = {Amit Deshpande and
 Santosh Vempala},
  Booktitle                = {APPROX-RANDOM},
  Year                     = {2006},
  Pages                    = {292--303}
}

@Article{DS1991,
  Title                    = {Geometric Bounds for Eigenvalues of {Markov} Chains},
  Author                   = {P. Diaconis and D. Stroock},
  Journal                  = {Ann. Appl. Probab.},
  Year                     = {1991},
  Number                   = {1},
  Pages                    = {36--61},
  Volume                   = {1}
}

@Article{DV15,
  Title                    = {Stochastic billiards for sampling from the boundary of a convex set},
  Author                   = {Dieker, A.B. and Vempala, S.},
  Journal                  = {Mathematics of Operations Research},
  Year                     = {2015},

  Publisher                = {INFORMS}
}

@InBook{Dieker10,
  Title                    = {Reflected Brownian Motion},
  Author                   = {Dieker, A. B.},
  Publisher                = {John Wiley \& Sons, Inc.},
  Year                     = {2010},

  Booktitle                = {Wiley Encyclopedia of Operations Research and Management Science},
  Doi                      = {10.1002/9780470400531.eorms0711},
  ISBN                     = {9780470400531},
  Keywords                 = {reflected Brownian motion, diffusion approximation, heavy traffic, positive recurrence, stationary distribution}
}

@Article{Din57,
  Title                    = {Uber eine Klasse superadditiver Mengenfunktionale vonBrunn-Minkowski-Lusternik-schem Typus},
  Author                   = {A. Dinghas},
  Journal                  = {Math. Zeitschr.},
  Year                     = {1957},
  Pages                    = {111--125},
  Volume                   = {68}
}

@Article{DFKVV,
  Title                    = {Clustering Large Graphs via the Singular Value Decomposition},
  Author                   = {P. Drineas and A. Frieze and R. Kannan and S. Vempala and V. Vinay},
  Journal                  = {Mach. Learn.},
  Year                     = {2004},
  Number                   = {1-3},
  Pages                    = {9--33},
  Volume                   = {56},

  Address                  = {Hingham, MA, USA},
  Doi                      = {10.1023/B:MACH.0000033113.59016.96},
  ISSN                     = {0885-6125},
  Publisher                = {Kluwer Academic Publishers}
}

@Article{DFKVV04,
  Title                    = {Clustering large graphs via the Singular Value Decomposition},
  Author                   = {P. Drineas and A. Frieze and R. Kannan and S. Vempala and V. Vinay},
  Journal                  = {Machine Learning},
  Year                     = {2004},
  Pages                    = {9--33},
  Volume                   = {56}
}

@InProceedings{DK2003,
  Title                    = {Pass efficient algorithms for approximating large matrices},
  Author                   = {Drineas, Petros and Kannan, Ravi},
  Booktitle                = {SODA '03: Proceedings of the fourteenth annual ACM-SIAM symposium on Discrete algorithms},
  Year                     = {2003},
  Pages                    = {223--232}
}

@InProceedings{DK2001,
  Title                    = {Fast {Monte-Carlo} Algorithms for Approximate Matrix Multiplication},
  Author                   = {Petros Drineas and Ravi Kannan},
  Booktitle                = {In Proceedings of the 42\textsuperscript{nd} Annual IEEE Symposium on Foundations of Computer Science},
  Year                     = {2001},
  Pages                    = {452--459}
}

@Article{DKM1,
  Title                    = {Fast {Monte Carlo} Algorithms for Matrices {II}: Computing a Low-Rank
Approximation to a Matrix},
  Author                   = {P. Drineas and R. Kannan and M. Mahoney},
  Journal                  = {SIAM J. on Computing},
  Year                     = {2006},
  Pages                    = {132--157},
  Volume                   = {36},

  Issue                    = {1}
}

@Article{DKM2,
  Title                    = {Fast {Monte Carlo} Algorithms for Matrices {II}: Computing a
Low-Rank Approximation to a Matrix},
  Author                   = {P. Drineas and R. Kannan and M. Mahoney},
  Journal                  = {SIAM J. on Computing},
  Year                     = {2006},
  Pages                    = {158--183},
  Volume                   = {36},

  Issue                    = {1}
}

@Article{DKM3,
  Title                    = {Fast {Monte Carlo} Algorithms for Matrices II: Computing a Low-Rank
Approximation to a Matrix},
  Author                   = {P. Drineas and R. Kannan and M. Mahoney},
  Journal                  = {SIAM J. on Computing},
  Year                     = {2006},
  Pages                    = {184--206},
  Volume                   = {36},

  Issue                    = {1}
}

@Article{DKR02,
  Title                    = {{Competitive Recommendation Systems}},
  Author                   = {P. Drineas and I. Kerenidis and P. Raghavan},
  Journal                  = {Proceedings of the 34th Annual ACM Symposium on Theory of Computing},
  Year                     = {2002},
  Pages                    = {82--90}
}

@Book{Duda2001,
  author    = {R. O. Duda and P.E. Hart and D.G. Stork},
  publisher = {John Wiley \& Sons},
  title     = {Pattern Classification},
  year      = {2001},
}

@InProceedings{DFLD88,
  Title                    = {Using latent semantic analysis to improve information retrieval},
  Author                   = {S.T. Dumais and G.W. Furnas and T.K. Landauer and S. Deerwester},
  Booktitle                = {Proc. of CHI},
  Year                     = {1988},
  Pages                    = {281--285}
}

@Article{DV08,
  author  = {J. Dunagan and S. Vempala},
  journal = {Math. Prog.},
  title   = {A simple polynomial-time rescaling algorithm for solving linear programs},
  year    = {2008},
  number  = {1},
  pages   = {101--114},
  volume  = {114},
}

@Article{DV04,
  Title                    = {Optimal outlier removal in high-dimensional spaces},
  Author                   = {J. Dunagan and S. Vempala},
  Journal                  = {J. Comput. Syst. Sci.},
  Year                     = {2004},
  Number                   = {2},
  Pages                    = {335--373},
  Volume                   = {68},

  Address                  = {Orlando, FL, USA},
  Doi                      = {10.1016/j.jcss.2003.07.013},
  ISSN                     = {0022-0000},
  Publisher                = {Academic Press, Inc.}
}

@Article{dutt1996fast,
  Title                    = {Fast algorithms for polynomial interpolation, integration, and differentiation},
  Author                   = {Dutt, A and Gu, M and Rokhlin, V},
  Journal                  = {SIAM Journal on Numerical Analysis},
  Year                     = {1996},
  Number                   = {5},
  Pages                    = {1689--1711},
  Volume                   = {33},

  Publisher                = {SIAM}
}

@Article{DGH98,
  Title                    = {On the complexity of computing mixed volumes},
  Author                   = {Dyer, M. and Gritzmann, P. and Hufnagel, A.},
  Journal                  = {SIAM J. Comput.},
  Year                     = {1998},
  Number                   = {2},
  Pages                    = {356--400},
  Volume                   = {27},

  Coden                    = {SMJCAT},
  Doi                      = {10.1137/S0097539794278384},
  Fjournal                 = {SIAM Journal on Computing},
  ISSN                     = {0097-5397},
  Mrclass                  = {68Q25 (52A39 52B55 65Y25 68U05)},
  Mrnumber                 = {1616544 (99f:68092)},
  Mrreviewer               = {Hans-Dietrich Hecker}
}

@InProceedings{DyerF90,
  Title                    = {Computing the volume of a convex body: a case where randomness provably helps},
  Author                   = {M. E. Dyer and A. M. Frieze},
  Booktitle                = {Proc. of AMS Symposium on Probabilistic Combinatorics and Its Applications},
  Year                     = {1991},
  Pages                    = {123--170}
}

@Article{DF88,
  Title                    = {On the complexity of computing the volume of a polyhedron},
  Author                   = {Dyer, M. E. and Frieze, A. M.},
  Journal                  = {SIAM J. Comput.},
  Year                     = {1988},
  Number                   = {5},
  Pages                    = {967--974},
  Volume                   = {17},

  Coden                    = {SMJCAT},
  Doi                      = {10.1137/0217060},
  Fjournal                 = {SIAM Journal on Computing},
  ISSN                     = {0097-5397},
  Mrclass                  = {68Q25 (52-04)},
  Mrnumber                 = {961051 (90f:68077)}
}

@InProceedings{DyerFK89,
  Title                    = {A Random Polynomial Time Algorithm for Approximating the
 Volume of Convex Bodies},
  Author                   = {M. E. Dyer and
 A. M. Frieze and
 R. Kannan},
  Booktitle                = {STOC},
  Year                     = {1989},
  Pages                    = {375--381}
}

@Article{Eldan2009,
  Title                    = {A Polynomial Number of Random Points does not Determine the Volume of a Convex Body},
  Author                   = {R. Eldan},
  Journal                  = {http://arxiv.org/abs/0903.2634},
  Year                     = {2009}
}

@Article{EldanK2011,
  Title                    = {Approximately gaussian marginals and the hyperplane conjecture},
  Author                   = {R. Eldan and B. Klartag},
  Journal                  = {Contermporary Mathematics},
  Year                     = {2011},
  Volume                   = {545},

  Publisher                = {Amer. Math. Soc.}
}

@Article{E86,
  Title                    = {A Geometric Inequality and the Complexity of Computing Volume},
  Author                   = {Elekes, G.},
  Journal                  = {Discrete \& Computational Geometry},
  Year                     = {1986},
  Pages                    = {289--292}
}

@InProceedings{EF14,
  Title                    = {Efficient Random-Walk Methods for Approximating Polytope Volume},
  Author                   = {Emiris, I. and Fisikopoulos, V.},
  Booktitle                = {Proceedings of the 30\textsuperscript{th} Annual Symposium on Computational Geometry},
  Year                     = {2014},
  Organization             = {ACM},
  Pages                    = {318}
}

@Article{ESBPSS06,
  Title                    = {{HER2} Expression as a Potential Marker for Response to Therapy Targeted to the {EGFR}},
  Author                   = {D.~R. Emlet and R. Schwartz and K. Brown and A.~A. Pollice and C.~A.~Smith and S.~E.~Shackney},
  Journal                  = {British Journal of Cancer},
  Year                     = {2006},
  Pages                    = {1144--1153},
  Volume                   = {94(8)}
}

@Article{FK81,
  Title                    = {The Eigenvalues of Random Symmetric Matrices},
  Author                   = {Z. F\"{u}redi and J. Koml\'{o}s},
  Journal                  = {Combinatorica},
  Year                     = {1981},
  Number                   = {3},
  Pages                    = {233--241},
  Volume                   = {1}
}

@Article{FeigeK00,
  Title                    = {Finding and certifying a large hidden clique in a semirandom graph},
  Author                   = {U. Feige and R. Krauthgamer},
  Journal                  = {Random Structures and Algorithms},
  Year                     = {2000},
  Number                   = {2},
  Pages                    = {195--208},
  Volume                   = {16}
}

@Article{Feldman2008,
  Title                    = {Learning mixtures of product distributions over discrete domains},
  Author                   = {J. Feldman and R. O'Donnell},
  Journal                  = {SIAM Journal on Computing},
  Year                     = {2008},
  Number                   = {5},
  Pages                    = {1536--1564},
  Volume                   = {37}
}

@InProceedings{Feldman2006,
  Title                    = {PAC Learning Axis-Aligned Mixtures of {Gauss}ians with No Separation Assumption},
  Author                   = {J. Feldman and
 R. A. Servedio and
 R. O'Donnell},
  Booktitle                = {Proc. of COLT},
  Year                     = {2006},
  Pages                    = {20--34}
}

@Article{Fleury2010,
  Title                    = {Concentration in a thin {Euclid}ean shell for log-concave measures},
  Author                   = {B. Fleury},
  Journal                  = {J. Funct. Anal.},
  Year                     = {2010},
  Pages                    = {832--841},
  Volume                   = {259(4)}
}

@Article{Francis1961,
  Title                    = {The {QR} transformation: a unitary analogue to the LR transformation},
  Author                   = {J.G.F. Francis},
  Journal                  = {Computer Journal},
  Year                     = {1961},
  Number                   = {1-2},
  Pages                    = {265--272,332--345},
  Volume                   = {4}
}

@InProceedings{Freund1999,
  Title                    = {Estimating a mixture of two product distributions},
  Author                   = {Y. Freund and Y. Mansour},
  Booktitle                = {Proc. of COLT},
  Year                     = {1999},
  Pages                    = {53--62}
}

@Article{FK99,
  Title                    = {Quick Approximation to matrices and applications},
  Author                   = {A. Frieze and R. Kannan},
  Journal                  = {Combinatorica},
  Year                     = {1999},
  Number                   = {2},
  Pages                    = {175--200},
  Volume                   = {19}
}

@Article{FK96,
  Title                    = {The Regularity Lemma and approximation schemes for dense
problems},
  Author                   = {A. Frieze and R. Kannan},
  Journal                  = {Proceedings of the 37th Annual IEEE Symposium on Foundations
of Computing},
  Year                     = {1996},
  Pages                    = {12--20}
}

@Article{FKV04,
  Title                    = {Fast monte-carlo algorithms for finding low-rank approximations},
  Author                   = {Frieze, Alan and Kannan, Ravi and Vempala, Santosh},
  Journal                  = {J. ACM},
  Year                     = {2004},
  Number                   = {6},
  Pages                    = {1025--1041},
  Volume                   = {51}
}

@InProceedings{FKV-focs98,
  Title                    = {Fast {Monte-Carlo} Algorithms for finding low-rank approximations},
  Author                   = {A.~Frieze and R.~Kannan and S.~Vempala},
  Booktitle                = {Proc. of FOCS},
  Year                     = {1998},
  Pages                    = {370--378}
}

@InProceedings{FK08,
  Title                    = {A new approach to the planted clique problem},
  Author                   = {A. M. Frieze and R. Kannan},
  Booktitle                = {FSTTCS},
  Year                     = {2008}
}

@InProceedings{FVV08,
  Title                    = {Logconcave random graphs},
  Author                   = {Alan M. Frieze and
 Santosh Vempala and
 Juan Vera},
  Booktitle                = {STOC},
  Year                     = {2008},
  Pages                    = {779--788}
}

@Book{Fukunaga1990,
  author    = {K. Fukunaga},
  publisher = {Academic Press},
  title     = {Introduction to Statistical Pattern Recognition},
  year      = {1990},
}

@Article{BF88,
  Title                    = {Approximation of the sphere by polytopes having few vertices},
  Author                   = {Furedi, Z. and Barany, I.},
  Journal                  = {Proceedings of the AMS},
  Year                     = {1988},
  Number                   = {3},
  Volume                   = {102}
}

@InProceedings{BF87,
  Title                    = {Computing the volume is difficult},
  Author                   = {Furedi, Z. and Barany, I.},
  Booktitle                = {STOC '86: Proceedings of the eighteenth annual ACM symposium on Theory of computing},
  Year                     = {1986},

  Address                  = {New York, NY, USA},
  Pages                    = {442--447},
  Publisher                = {ACM},

  Doi                      = {10.1145/12130.12176},
  ISBN                     = {0-89791-193-8},
  Location                 = {Berkeley, California, United States}
}

@Book{GJ79,
  Title                    = {Computers and Intractability: A Guide to the Theory of NP-Completeness},
  Author                   = {M. R. Garey and
 David S. Johnson},
  Publisher                = {W. H. Freeman},
  Year                     = {1979}
}

@Book{genzBretzBook,
  Title                    = {Computation of Multivariate Normal and t Probabilities},
  Author                   = {Genz, A. and Bretz, F.},
  Publisher                = {Springer},
  Year                     = {2009},

  ISBN                     = {978-3-642-01689-9}
}

@InCollection{Gillman,
  Title                    = {A {C}hernoff bound for random walks on expander graphs},
  Author                   = {Gillman, D.},
  Booktitle                = {FOCS},
  Publisher                = {IEEE Comput. Soc. Press},
  Year                     = {1993},

  Address                  = {Los Alamitos, CA},
  Pages                    = {680--691},

  Doi                      = {10.1109/SFCS.1993.366819},
  Mrclass                  = {68R10 (60J15)},
  Mrnumber                 = {1328459}
}

@Article{GW95,
  Title                    = {Improved approximation algorithms for maximum cut and satisfiability problems using semidefinite programming},
  Author                   = {M.X. Goemans and D.P. Willamson},
  Journal                  = {Journal of the ACM},
  Year                     = {1995},
  Number                   = {6},
  Pages                    = {1115--1145},
  Volume                   = {42}
}

@Article{GGR98,
  Title                    = {{Property testing and its connection to learning and approximation}},
  Author                   = {O. Goldreich and S. Goldwasser and D. Ron},
  Journal                  = {Journal of the ACM},
  Year                     = {1998},
  Number                   = {4},
  Pages                    = {653--750},
  Volume                   = {5}
}

@Article{Golub2000,
  Title                    = {Eigenvalue computation in the 20th century},
  Author                   = {G. Golub and H.A. van der Vorst},
  Journal                  = {Journal of Computational and Applied Mathematics},
  Year                     = {2000},
  Pages                    = {35--65},
  Volume                   = {123},

  Issues                   = {1-2}
}

@Book{GolubVanLoan,
  Title                    = {Matrix Computations},
  Author                   = {G. H. Golub and C. F. van Loan},
  Publisher                = {Johns Hopkins University Press},
  Year                     = {1996},
  Edition                  = {3rd},

  Domains                  = {Reference book:Matrix theory}
}

@Article{Goy05,
  Title                    = {Open problems},
  Author                   = {Navin Goyal},
  Journal                  = {AIM workshop on Algorithmic Convex Geometry.
http://www.aimath.org/WWN/convexgeometry/convexgeometry.pdf},
  Year                     = {2005}
}

@InProceedings{GR09,
  Title                    = {Learning Convex Bodies is Hard},
  Author                   = {N. Goyal and L. Rademacher},
  Booktitle                = {COLT},
  Year                     = {2009}
}

@Article{Grunbaum1960,
  Title                    = {Partitions of mass-distributions and convex bodies by hyperplanes},
  Author                   = {B. Grunbaum},
  Journal                  = {Pacific J. Math.},
  Year                     = {1960},
  Pages                    = {1257--1261},
  Volume                   = {10}
}

@Article{GuedonM11,
  Title                    = {Interpolating Thin-Shell and Sharp Large-Deviation Estimates for Isotropic Log-Concave Measures},
  Author                   = {Guedon, Olivier and Milman, Emanuel},
  Journal                  = {Geometric and Functional Analysis},
  Year                     = {2011},
  Number                   = {5},
  Pages                    = {1043--1068},
  Volume                   = {21},

  Doi                      = {10.1007/s00039-011-0136-5},
  ISSN                     = {1016-443X},
  Keywords                 = {Isotropic; log-concave measure; concentration inequalities; thin-shell; large-deviation; KLS conjecture; 52A23; 46B07; 46B09; 28A75},
  Language                 = {English},
  Publisher                = {SP Birkhäuser Verlag Basel}
}

@Article{MP01,
  Title                    = {Computational and Performance aspects of {PCA}-based Face Recognition Algorithms},
  Author                   = {H. Moon, P.J. Phillips},
  Journal                  = {Perception},
  Year                     = {2001},
  Pages                    = {303--321},
  Volume                   = {30}
}

@InProceedings{Hamlet94randomtesting,
  Title                    = {Random testing},
  Author                   = {Hamlet, R.},
  Booktitle                = {Encyclopedia of Software Engineering},
  Year                     = {1994},
  Pages                    = {970--978},
  Publisher                = {Wiley}
}

@Article{HansenPPSN2006HeavyTail,
  Title                    = {When Do Heavy-Tail Distributions Help?},
  Author                   = {Hansen, N. and Gemperle, F. and Auger, A. and Koumoutsakos, P.},
  Journal                  = {Parallel Problem Solving from Nature - PPSN IX},
  Year                     = {2006},
  Pages                    = {62--71},

  Keywords                 = {cauchy, distribution, ea, eda, gaussian, multimodal, optimization},
  Posted-at                = {2008-04-28 16:31:38},
  Priority                 = {2}
}

@InProceedings{HV02,
  Title                    = {Projective clustering in high dimensions using core-sets},
  Author                   = {Sariel Har-Peled and
 Kasturi R. Varadarajan},
  Booktitle                = {Symposium on Computational Geometry},
  Year                     = {2002},
  Pages                    = {312--318}
}

@Book{Harrison85,
  Title                    = {Brownian motion and stochastic flow systems},
  Author                   = {Harrison, J. Michael},
  Publisher                = {Wiley},
  Year                     = {1985},

  Address                  = {New York},
  Series                   = {Wiley series in probability and mathematical statistics},

  ISBN                     = {0-471-81939-5},
  Url                      = {http://opac.inria.fr/record=b1092510}
}

@Article{Hartigan1979,
  Title                    = {A K-Means Clustering Algorithm},
  Author                   = {J. A. Hartigan and M. A. Wong},
  Journal                  = {Applied Statistics},
  Year                     = {1979},
  Number                   = {1},
  Pages                    = {100--108},
  Volume                   = {28}
}

@Article{Hawkins1975,
  Title                    = {Cauchy and the spectral theory of matrices},
  Author                   = {T. Hawkins},
  Journal                  = {Historia Mathematica},
  Year                     = {1975},
  Pages                    = {1--20},
  Volume                   = {2}
}

@Article{HP98,
  Title                    = {Analysis of the Greedy Approach in Problems of Maximum k-Coverage},
  Author                   = {D. S. Hochbaum and A. Pathria},
  Journal                  = {Naval Research Quarterly},
  Year                     = {1998},
  Pages                    = {615--627},
  Volume                   = {45}
}

@Article{Hubert2004,
  Title                    = {Robust {PCA} and classification in biosciences},
  Author                   = {M. Hubert and S. Engelen},
  Journal                  = {Bioinformatics},
  Year                     = {2004},
  Number                   = {11},
  Pages                    = {1728--1736},
  Volume                   = {20}
}

@InProceedings{Hubert2001,
  Title                    = {Robust {PCA} in High-dimensional Data},
  Author                   = {M. Hubert and P.J. Rousseeuw and S. Verboven},
  Booktitle                = {Proc. of ICORS},
  Year                     = {2001}
}

@Article{indyk06,
  Title                    = {Stable distributions, pseudorandom generators, embeddings, and data stream computation},
  Author                   = {Indyk, P.},
  Journal                  = {J. ACM},
  Year                     = {2006},
  Number                   = {3},
  Pages                    = {307--323},
  Volume                   = {53},

  Address                  = {New York, NY, USA},
  Doi                      = {10.1145/1147954.1147955},
  ISSN                     = {0004-5411},
  Publisher                = {ACM}
}

@InProceedings{I99,
  Title                    = {A Sublinear Time Approximation Scheme for Clustering in Metric
Spaces},
  Author                   = {P. Indyk},
  Booktitle                = {Proc. 40\textsuperscript{th} IEEE FOCS},
  Year                     = {1999},
  Pages                    = {154--159}
}

@Article{ingber89,
  Title                    = {Very fast simulated re-annealing},
  Author                   = {Ingber, L.},
  Journal                  = {Mathematical and Computer Modelling},
  Year                     = {1989},
  Pages                    = {967--973},
  Volume                   = {12},

  Issue                    = {8}
}

@Article{Jerrum92,
  Title                    = {Large Cliques Elude the Metropolis Process},
  Author                   = {M. Jerrum},
  Journal                  = {Random Structures and Algorithms},
  Year                     = {1992},
  Number                   = {4},
  Pages                    = {347--360},
  Volume                   = {3},

  Bibsource                = {DBLP, http://dblp.uni-trier.de}
}

@Article{JVV1986,
  Title                    = {Random Generation of Combinatorial Structures from a Uniform
 Distribution},
  Author                   = {M. Jerrum and
 L. G. Valiant and
 V. V. Vazirani},
  Journal                  = {Theor. Comput. Sci.},
  Year                     = {1986},
  Pages                    = {169--188},
  Volume                   = {43}
}

@Book{johnson87Book,
  Title                    = {Multivariate Statistical Simulation},
  Author                   = {Johnson, M.E.},
  Publisher                = {Wiley},
  Year                     = {1987},

  Chapter                  = {3},
  ISBN                     = {978-0-471-82290-5}
}

@Article{KV05,
  Title                    = {Efficient algorithms for online decision problems},
  Author                   = {Adam Kalai and Santosh Vempala},
  Journal                  = {J. Comput. Syst. Sci.},
  Year                     = {2005},
  Number                   = {3},
  Pages                    = {291--307},
  Volume                   = {71},

  Address                  = {Orlando, FL, USA},
  Doi                      = {10.1016/j.jcss.2004.10.016},
  ISSN                     = {0022-0000},
  Publisher                = {Academic Press, Inc.}
}

@Article{Kal97,
  Title                    = {Programming, the simplex algorithm and simple polytopes},
  Author                   = {G. Kalai},
  Journal                  = {Math. Prog.},
  Year                     = {1997},
  Pages                    = {217--233},
  Volume                   = {79}
}

@InProceedings{KV07,
  Title                    = {Life (and routing) on the Wireless Manifold},
  Author                   = {Varun Kanade and Santosh Vempala},
  Booktitle                = {HotNets VI: The Sixth Workshop on Hot Topics in Networks},
  Year                     = {2007},
  Month                    = Nov,

  Location                 = {Atlanta, GA}
}

@Article{FK,
  Title                    = {Log-Sobolev inequalities and sampling from log-concave distributions},
  Author                   = {Kannan, R.},
  Journal                  = {The Annals of Applied Probability},
  Year                     = {1999},
  Pages                    = {14--26},
  Volume                   = {9}
}

@Article{Kannan1987,
  Title                    = {Minkowski's Convex Body Theorem and Integer Programming},
  Author                   = {R. Kannan},
  Journal                  = {Math. Oper. Res.},
  Year                     = {1987},
  Number                   = {3},
  Pages                    = {415--440},
  Volume                   = {12}
}

@InProceedings{kannanLi,
  Title                    = {Sampling according to the multivariate normal density},
  Author                   = {Kannan, R. and Li, G.},
  Booktitle                = {FOCS '96: Proceedings of the 37\textsuperscript{th} Annual Symposium on Foundations of Computer Science},
  Year                     = {1996},

  Address                  = {Washington, DC, USA},
  Pages                    = {204},
  Publisher                = {IEEE Computer Society}
}

@Article{KMT,
  Title                    = {A randomized algorithm to optimize over certain convex sets},
  Author                   = {Kannan, R. and Mount, J. and Tayur, S.},
  Journal                  = {Math. Oper. Res.},
  Year                     = {1995},
  Number                   = {3},
  Pages                    = {529--549},
  Volume                   = {20},

  Address                  = {Institute for Operations Research and the Management Sciences (INFORMS), Linthicum, Maryland, USA},
  Publisher                = {INFORMS}
}

@InProceedings{KanNar2009,
  Title                    = {Random walks on polytopes and an affine interior point method
 for linear programming},
  Author                   = {R. Kannan and
 H. Narayanan},
  Booktitle                = {STOC},
  Year                     = {2009},
  Pages                    = {561--570}
}

@Article{Kannan2008,
  Title                    = {The spectral method for general mixture models},
  Author                   = {R. Kannan and H. Salmasian and S. Vempala},
  Journal                  = {SIAM Journal on Computing},
  Year                     = {2008},
  Number                   = {3},
  Pages                    = {1141--1156},
  Volume                   = {38}
}

@InProceedings{KanVem1997,
  Title                    = {Sampling Lattice Points},
  Author                   = {R. Kannan and
 S. Vempala},
  Booktitle                = {STOC},
  Year                     = {1997},
  Pages                    = {696--700}
}

@Article{KVV04,
  Title                    = {On clusterings: Good, bad and spectral},
  Author                   = {Kannan, Ravi and Vempala, Santosh and Vetta, Adrian},
  Journal                  = {J. ACM},
  Year                     = {2004},
  Number                   = {3},
  Pages                    = {497--515},
  Volume                   = {51},

  Address                  = {New York, NY, USA},
  Keywords                 = {bibtex-import}
}

@InProceedings{kappler96,
  Title                    = {Are Evolutionary Algorithms Improved by Large Mutations?},
  Author                   = {Kappler, C.},
  Booktitle                = {PPSN IV: Proceedings of the 4\textsuperscript{th} International Conference on Parallel Problem Solving from Nature},
  Year                     = {1996},

  Address                  = {London, UK},
  Pages                    = {346--355},
  Publisher                = {Springer-Verlag},

  ISBN                     = {3-540-61723-X}
}

@Article{Karmarkar84,
  Title                    = {A new polynomial-time algorithm for linear programming},
  Author                   = {N. Karmarkar},
  Journal                  = {Combinatorica},
  Year                     = {1984},
  Number                   = {4},
  Pages                    = {373--396},
  Volume                   = {4}
}

@InCollection{Karp76,
  Title                    = {The Probabilistic Analysis of Some Combinatorial Search Algorithms},
  Author                   = {R. Karp},
  Booktitle                = {Algorithms and Complexity: New Directions and Recent Results},
  Publisher                = {Academic Press},
  Year                     = {1976},
  Pages                    = {1--19},

  Editors                  = {J. Traub},
  Key                      = {New York}
}

@InCollection{Karp72,
  Title                    = {Reducibility among combinatorial problems},
  Author                   = {R. Karp},
  Booktitle                = {Complexity of Computer Computation},
  Publisher                = {Plenum Press},
  Year                     = {1972},
  Pages                    = {85--103},

  Editors                  = {R.E. Miller and J.W. Thacher}
}

@Article{KP82,
  Title                    = {On linear characterization of combinatorial optimization problems},
  Author                   = {R. M. Karp and C. H. Papadimitriou},
  Journal                  = {SIAM J. Comp.},
  Year                     = {1982},
  Pages                    = {620--632},
  Volume                   = {11}
}

@Article{KarzanovK91,
  Title                    = {On the conductance of order {Markov} chains},
  Author                   = {Karzanov, Alexander and Khachiyan, Leonid},
  Journal                  = {Order},
  Year                     = {1991},
  Number                   = {1},
  Pages                    = {7--15},
  Volume                   = {8},

  Doi                      = {10.1007/BF00385809},
  ISSN                     = {0167-8094},
  Keywords                 = {06A06; Conductance; isoperimetric inequality; linear extension; poset; uniform generation; sorting},
  Language                 = {English},
  Publisher                = {Kluwer Academic Publishers}
}

@Article{kaufman1998direction,
  Title                    = {Direction choice for accelerated convergence in hit-and-run sampling},
  Author                   = {Kaufman, D. and Smith, R.},
  Journal                  = {Operations Research},
  Year                     = {1998},
  Number                   = {1},
  Pages                    = {84--95},
  Volume                   = {46},

  Publisher                = {INFORMS}
}

@Article{Kearns1993,
  Title                    = {Learning in the presence of malicious errors},
  Author                   = {M. Kearns and M. Li},
  Journal                  = {SIAM Journal on Computing},
  Year                     = {1993},
  Number                   = {4},
  Pages                    = {807--837},
  Volume                   = {22}
}

@Article{Kelner2006,
  Title                    = {Spectral Partitioning, Eigenvalue Bounds, and Circle Packings
 for Graphs of Bounded Genus},
  Author                   = {Jonathan A. Kelner},
  Journal                  = {SIAM J. Comput.},
  Year                     = {2006},
  Number                   = {4},
  Pages                    = {882--902},
  Volume                   = {35}
}

@InProceedings{KS,
  Title                    = {A randomized polynomial-time simplex algorithm for linear programming},
  Author                   = {J. Kelner and D. Spielman},
  Booktitle                = STOC,
  Year                     = {2006}
}

@article{spielman2011graph,
  title={Graph sparsification by effective resistances},
  author={Spielman, Daniel A and Srivastava, Nikhil},
  journal={SIAM Journal on Computing},
  volume={40},
  number={6},
  pages={1913--1926},
  year={2011},
  publisher={SIAM}
}

@InProceedings{Khot02,
  Title                    = {On the Power of Unique 2-Prover 1-Round Games},
  Author                   = {S. Khot},
  Booktitle                = {Proc. of IEEE Conference on Computational Complexity},
  Year                     = {2002}
}

@Article{KKMO07,
  Title                    = {Optimal inapproximability results for MAX-CUT and other 2-variable {CSP}s?},
  Author                   = {S. Khot and G. Kindler and E. Mossel and R. O'Donnell},
  Journal                  = {SIAM Journal on Computing},
  Year                     = {2007},
  Number                   = {1},
  Pages                    = {319--357},
  Volume                   = {37}
}

@Article{DK11,
  Title                    = {Selecting the best by comparing simulated systems in a group of three},
  Author                   = {Kim, S. and Dieker, A.B.},
  Journal                  = {Proceedings of the 2011 Winter Simulation Conference},
  Year                     = {2011}
}

@Article{Klartag2006,
  Title                    = {On convex perturbations with a bounded isotropic constant},
  Author                   = {B. Klartag},
  Journal                  = {Geom. and Funct. Anal.},
  Year                     = {2006},
  Pages                    = {1274--1290},
  Volume                   = {16(6)}
}

@Book{Kline1972,
  Title                    = {Mathematical thought from ancient to modern times},
  Author                   = {M. Kline},
  Publisher                = {Oxford University Press},
  Year                     = {1971}
}

@InProceedings{KLT09,
  Title                    = {{Baum}'s Algorithm Learns Intersections of Halfspaces with
 Respect to Log-Concave Distributions},
  Author                   = {Adam R. Klivans and
 Philip M. Long and
 Alex K. Tang},
  Booktitle                = {APPROX-RANDOM},
  Year                     = {2009},
  Pages                    = {588--600}
}

@InProceedings{KOS08,
  Title                    = {Learning Geometric Concepts via {Gauss}ian Surface Area},
  Author                   = {A. R. Klivans and
 Ryan O'Donnell and
 R. A. Servedio},
  Booktitle                = {FOCS},
  Year                     = {2008},
  Pages                    = {541--550}
}

@InProceedings{K03,
  Title                    = {On the Hardness of Approximate Multivariate Integration},
  Author                   = {Koutis, I.},
  Booktitle                = {Proc. of APPROX},
  Year                     = {2003}
}

@Article{Kub1961,
  Title                    = {On some algorithms for the solution of the complete eigenvalue problem},
  Author                   = {V.N. Kublanovskaya},
  Journal                  = {USSR Computational Mathematics and Mathematical Physics},
  Year                     = {1961},
  Pages                    = {637--657},
  Volume                   = {3}
}

@Article{Kucera95,
  Title                    = {Expected Complexity of Graph Partitioning Problems},
  Author                   = {L. Kucera},
  Journal                  = {Discrete Applied Mathematics},
  Year                     = {1995},
  Pages                    = {193--212},
  Volume                   = {57}
}

@InProceedings{lee2014path,
  Title                    = {Path finding methods for linear programming: Solving linear programs in {\~o} (vrank) iterations and faster algorithms for maximum flow},
  Author                   = {Lee, Yin Tat and Sidford, Aaron},
  Booktitle                = {Foundations of Computer Science (FOCS), 2014 IEEE 55\textsuperscript{th} Annual Symposium on},
  Year                     = {2014},
  Organization             = {IEEE},
  Pages                    = {424--433}
}

@Article{LR99,
  Title                    = {Multicommodity max-flow min-cut theorems and their use in
 designing approximation algorithms},
  Author                   = {F. T. Leighton and S. Rao},
  Journal                  = {J. ACM},
  Year                     = {1999},
  Number                   = {6},
  Pages                    = {787--832},
  Volume                   = {46}
}

@Article{Lei72,
  Title                    = {On a certain converse of {H}\"older's Inequality II},
  Author                   = {Leindler, L.},
  Journal                  = {Acta Sci. Math. Szeged},
  Year                     = {1972},
  Pages                    = {217--223},
  Volume                   = {33}
}

@Article{LLL,
  Title                    = {Factoring Polynomials with Rational Coefficients},
  Author                   = {A. K. Lenstra and H. W. Lenstra and L. Lov\'{a}sz},
  Journal                  = {Math. Ann.},
  Year                     = {1982},
  Pages                    = {515--534},
  Volume                   = {261}
}

@Article{Lenstra1983,
  Title                    = {Integer Programming with a Fixed Number of Variables},
  Author                   = {H. W. Lenstra},
  Journal                  = {Math. of Oper. Res.},
  Year                     = {1983},
  Number                   = {4},
  Pages                    = {538--548},
  Volume                   = {8}
}

@Article{Lewis79,
  Title                    = {Ellipsoids defined by {B}anach ideal norms},
  Author                   = {Lewis, D. R.},
  Journal                  = {Mathematika},
  Year                     = {1979},
  Number                   = {1},
  Pages                    = {18--29},
  Volume                   = {26}
}

@Article{lewis2010large,
  Title                    = {Large-scale in silico modeling of metabolic interactions between cell types in the human brain},
  Author                   = {Lewis, N. and Schramm, G. and Bordbar, A. and Schellenberger, J. and Andersen, M. and Cheng, J. and Patel, N. and Yee, A. and Lewis, R. and Eils, R. and others},
  Journal                  = {Nature biotechnology},
  Year                     = {2010},
  Number                   = {12},
  Pages                    = {1279--1285},
  Volume                   = {28},

  Publisher                = {Nature Publishing Group}
}

@Article{li07,
  Title                    = {Nonlinear Estimators and Tail Bounds for Dimension Reduction in l1 Using Cauchy Random Projections},
  Author                   = {Li, P. and Hastie, T.J. and Church, K.W.},
  Journal                  = {J. Mach. Learn. Res.},
  Year                     = {2007},
  Pages                    = {2497--2532},
  Volume                   = {8},

  Address                  = {Cambridge, MA, USA},
  ISSN                     = {1533-7928},
  Publisher                = {MIT Press}
}

@InProceedings{Lit87,
  Title                    = {Learning Quickly When Irrelevant Attributes Abound: A New
 Linear-Threshold Algorithm (Extended Abstract)},
  Author                   = {Nick Littlestone},
  Booktitle                = {FOCS},
  Year                     = {1987},
  Pages                    = {68--77}
}

@Article{LW94,
  Title                    = {Composite Geometric Concepts and Polynomial Predictability},
  Author                   = {Philip M. Long and
 Manfred K. Warmuth},
  Journal                  = {Inf. Comput.},
  Year                     = {1994},
  Number                   = {2},
  Pages                    = {230--252},
  Volume                   = {113},

  Bibsource                = {DBLP, http://dblp.uni-trier.de}
}

@InProceedings{LW90,
  Title                    = {Composite Geometric Concepts and Polynomial Predictability},
  Author                   = {Philip M. Long and
 Manfred K. Warmuth},
  Booktitle                = {COLT},
  Year                     = {1990},
  Pages                    = {273--287},

  Bibsource                = {DBLP, http://dblp.uni-trier.de},
  Ee                       = {http://portal.acm.org/citation.cfm?id=92571.92654}
}

@Article{L90,
  Title                    = {How to compute the volume?},
  Author                   = {Lov\'{a}sz, L.},
  Journal                  = {Jber. d. Dt. Math.-Verein, Jubil\"aumstagung 1990},
  Year                     = {1990},
  Pages                    = {138--151}
}

@Article{DL12,
  Title                    = {Computational results of an {$O^*(n^4)$} volume algorithm},
  Author                   = {L. Lov\'{a}sz and I. De\'{a}k},
  Journal                  = {European J. of Oper. Res.},
  Year                     = {2012},
  Volume                   = {216},

  Page                     = {152-161}
}

@InProceedings{LS92,
  Title                    = {On the randomized complexity of volume and diameter},
  Author                   = {Lov\'{a}sz, L. and Simonovits, M.},
  Booktitle                = {Proc.\ 33\textsuperscript{rd} IEEE Annual Symp.\ on Found.\ of Comp.\ Sci.},
  Year                     = {1992},
  Pages                    = {482--491}
}

@InProceedings{LS90,
  Title                    = {Mixing rate of {M}arkov chains, an isoperimetric inequality, and computing the volume},
  Author                   = {Lov\'{a}sz, L. and Simonovits, M.},
  Booktitle                = {ROCS},
  Year                     = {1990},
  Pages                    = {482--491}
}

@Article{LV1,
  Title                    = {The geometry of logconcave functions and sampling algorithms},
  Author                   = {Lov\'{a}sz, L. and Vempala, S.},
  Journal                  = {Random Struct. Algorithms},
  Year                     = {2007},
  Number                   = {3},
  Pages                    = {307--358},
  Volume                   = {30},

  Address                  = {New York, NY, USA},
  Doi                      = {10.1002/rsa.v30:3},
  ISSN                     = {1042-9832},
  Publisher                = {John Wiley \& Sons, Inc.}
}

@InProceedings{LV06,
  Title                    = {Fast Algorithms for Logconcave Functions: sampling, Rounding, Integration and Optimization},
  Author                   = {Lov\'{a}sz, L. and Vempala, S.},
  Booktitle                = {FOCS},
  Year                     = {2006},
  Pages                    = {57--68}
}

@Article{LV3,
  Title                    = {Hit-and-run from a corner},
  Author                   = {Lov\'{a}sz, L. and Vempala, S.},
  Journal                  = {SIAM J. Computing},
  Year                     = {2006},
  Pages                    = {985--1005},
  Volume                   = {35},

  Issue                    = {4}
}

@Article{Lovasz1998,
  Title                    = {Hit-and-Run Mixes Fast},
  Author                   = {L. Lov\'asz},
  Journal                  = {Math. Prog.},
  Year                     = {1998},
  Pages                    = {443--461},
  Volume                   = {86}
}

@Book{Lovasz1986,
  Title                    = {An Algorithmic Theory of Numbers, Graphs and Convexity},
  Author                   = {L. Lov\'asz},
  Publisher                = {SIAM},
  Year                     = {1986},
  Series                   = {CBMS-NSF Conference Series},
  Volume                   = {50}
}

@InProceedings{LS93,
  Title                    = {Random walks in a convex body and an improved volume algorithm},
  Author                   = {L. Lov\'asz and M. Simonovits},
  Booktitle                = {Random Structures and Alg.},
  Year                     = {1993},
  Pages                    = {359--412},
  Volume                   = {4}
}

@Article{LNS10,
  Title                    = {An integer programming approach for linear programs with
 probabilistic constraints},
  Author                   = {J. Luedtke and
 S. Ahmed and
 G. L. Nemhauser},
  Journal                  = {Math. Program.},
  Year                     = {2010},
  Number                   = {2},
  Pages                    = {247--272},
  Volume                   = {122}
}

@Article{Lust-Picard86,
  Title                    = {In\'egalites de Khinchin dans $C_p$ $(1p\infty)$},
  Author                   = {F. Lust-Piquard},
  Journal                  = {C.R. Acad. Sci., Paris},
  Year                     = {1986},
  Pages                    = {289--292},
  Volume                   = {303}
}

@InProceedings{MacQueen1967,
  Title                    = {Some Methods for classification and Analysis of Multivariate Observations},
  Author                   = {J. B. MacQueen},
  Booktitle                = {Proceedings of 5-th Berkeley Symposium on Mathematical Statistics and Probability},
  Year                     = {1967},
  Pages                    = {281--297},
  Volume                   = {1}
}

@Book{mandel,
  Title                    = {The (Mis)behavior of Markets},
  Author                   = {Mandelbrot, B.},
  Publisher                = {Basic Books},
  Year                     = {2006}
}

@Article{Martynov,
  Title                    = {Evaluation of the Normal Distribution Function},
  Author                   = {G. Martynov},
  Journal                  = {J. Soviet Math},
  Year                     = {1980},
  Pages                    = {1857--1875},
  Volume                   = {77}
}

@InProceedings{McSherry01,
  Title                    = {Spectral Partitioning of Random Graphs},
  Author                   = {F. McSherry},
  Booktitle                = {FOCS},
  Year                     = {2001},
  Pages                    = {529--537}
}

@Article{megchelenbrink2014optgpsampler,
  Title                    = {optgpsampler: An improved tool for uniformly sampling the solution-space of genome-scale metabolic networks},
  Author                   = {Megchelenbrink, W. and Huynen, M. and Marchiori, E.},
  Journal                  = {PloS one},
  Year                     = {2014},
  Number                   = {2},
  Pages                    = {e86587},
  Volume                   = {9}
}

@Article{Meg96,
  Title                    = {On the complexity of polyhedral separability},
  Author                   = {Nimrod Megiddo},
  Journal                  = {Technical Report RJ 5252, IBM Almaden Research Center},
  Year                     = {1996}
}

@Article{Megiddo1982,
  Title                    = {On the complexity of locating facilities in the plane},
  Author                   = {N. Megiddo and A. Tamir},
  Journal                  = {Operations Research Letters},
  Year                     = {1982},
  Pages                    = {194--197},
  Volume                   = {I}
}

@InCollection{Mil88,
  Title                    = {Isomorphic symmetrization and geometric inequalities},
  Author                   = {Milman, V.},
  Booktitle                = {Geometric Aspects of Functional Analysis},
  Publisher                = {Springer Berlin / Heidelberg},
  Year                     = {1988},
  Editor                   = {Lindenstrauss, Joram and Milman, Vitali},
  Pages                    = {107--131},
  Series                   = {Lecture Notes in Mathematics},
  Volume                   = {1317}
}

@Article{MP89,
  Title                    = {Isotropic position and inertia ellipsoids and zonoids of the unit ball of a normed n-dimensional space},
  Author                   = {V. Milman and A. Pajor},
  Journal                  = {Geometric aspects of Functional Analysis, Lect. notes in Math.},
  Year                     = {1989},
  Pages                    = {64--104}
}

@Book{MP69,
  Title                    = {Perceptrons: An Introduction to Computational Geometry},
  Author                   = {M. Minsky and S. Papert},
  Publisher                = {The MIT Press},
  Year                     = {1969}
}

@InProceedings{MOS03,
  Title                    = {Learning juntas},
  Author                   = {Elchanan Mossel and
 Ryan O'Donnell and
 Rocco A. Servedio},
  Booktitle                = {STOC},
  Year                     = {2003},
  Pages                    = {206--212}
}

@InProceedings{MEFV08,
  Title                    = {Path Splicing},
  Author                   = {M. Motiwala and M. Elmore and N. Feamster and S. Vempala},
  Booktitle                = {Proc. of ACM SIGCOMM},
  Year                     = {2008}
}

@InProceedings{MFV07,
  Title                    = {{Path Splicing: Reliable Connectivity with Rapid Recovery}},
  Author                   = {Murtaza Motiwala and Nick Feamster and Santosh Vempala},
  Booktitle                = {Hotnets Workshop},
  Year                     = {2007},

  Address                  = {Atlanta, GA},
  Month                    = nov
}

@Article{Narayanan16,
  Title                    = {Randomized interior point methods for sampling and optimization},
  Author                   = {Hariharan Narayanan},
  Journal                  = {Annals of Applied Probability},
  Year                     = {2016},

  Month                    = feb,
  Number                   = {1},
  Pages                    = {597--641},
  Volume                   = {26},

  Doi                      = {10.1214/15-AAP1104},
  ISSN                     = {1050-5164},
  Keywords                 = {Interior point methods, Random walks}
}

@Article{NesterovN08,
  Title                    = {Primal Central Paths and Riemannian Distances for Convex Sets},
  Author                   = {Yurii Nesterov and
 Arkadi Nemirovski},
  Journal                  = {Foundations of Computational Mathematics},
  Year                     = {2008},
  Number                   = {5},
  Pages                    = {533--560},
  Volume                   = {8},

  Bibsource                = {dblp computer science bibliography, http://dblp.org},
  Biburl                   = {http://dblp.uni-trier.de/rec/bib/journals/focm/NesterovN08},
  Doi                      = {10.1007/s10208-007-9019-4},
  Timestamp                = {Fri, 11 Dec 2009 15:24:58 +0100}
}

@Article{nesterov2002riemannian,
  Title                    = {On the Riemannian geometry defined by self-concordant barriers and interior-point methods},
  Author                   = {Nesterov, Yurii E and Todd, Michael J and others},
  Journal                  = {Foundations of Computational Mathematics},
  Year                     = {2002},
  Number                   = {4},
  Pages                    = {333--361},
  Volume                   = {2},

  Publisher                = {Springer}
}

@Book{nolan,
  Title                    = {Stable Distributions - Models for Heavy Tailed Data},
  Author                   = {Nolan, J.P.},
  Publisher                = {Birkh\"auser},
  Year                     = {2009},

  Address                  = {Boston},
  Note                     = {In progress, Chapter 1 online at academic2.american.edu/$\sim$jpnolan}
}

@Article{PR81,
  Title                    = {The {Russia}n method for linear
programming III: Bounded integer programming},
  Author                   = {M. W. Padberg and M. R. Rao},
  Journal                  = {NYU Research Report},
  Year                     = {1981}
}

@Article{Pak00,
  Title                    = {Four questions on {B}irkhoff polytope},
  Author                   = {Pak, I.},
  Journal                  = {Ann. Comb.},
  Year                     = {2000},
  Number                   = {1},
  Pages                    = {83--90},
  Volume                   = {4},

  Doi                      = {10.1007/PL00001277},
  Fjournal                 = {Annals of Combinatorics},
  ISSN                     = {0218-0006},
  Mrclass                  = {52B05 (52B12 60G50 60J10)},
  Mrnumber                 = {1763951 (2001g:52017)},
  Mrreviewer               = {Johann Linhart}
}

@Article{Paouris2006,
  Title                    = {Concentration of mass on convex bodies},
  Author                   = {G. Paouris},
  Journal                  = {Geometric and Functional Analysis},
  Year                     = {2006},
  Pages                    = {1021--1049},
  Volume                   = {16}
}

@Article{PRTV,
  Title                    = {Latent Semantic Indexing: A Probabilistic Analysis},
  Author                   = {C. Papadimitriou and P. Raghavan and H. Tamaki and S. Vempala},
  Journal                  = {JCSS},
  Year                     = {2000},
  Pages                    = {217--235},
  Volume                   = {61}
}

@InProceedings{PRTV98,
  Title                    = {Latent Semantic Indexing: A Probabilistic Analysis},
  Author                   = {C. Papadimitriou and P. Raghavan and H. Tamaki and S. Vempala},
  Booktitle                = {Proc. of PODS},
  Year                     = {1998}
}

@Article{PV06,
  Title                    = {On The Approximability Of The Traveling Salesman Problem},
  Author                   = {Christos H. Papadimitriou and
 Santosh Vempala},
  Journal                  = {Combinatorica},
  Year                     = {2006},
  Number                   = {1},
  Pages                    = {101--120},
  Volume                   = {26},

  Bibsource                = {DBLP, http://dblp.uni-trier.de},
  Doi                      = {10.1007/s00493-006-0008-z}
}

@InProceedings{PSS08a,
  Title                    = {Network-Based Inference of Cancer Progression from Microarray Data},
  Author                   = {Y.~Park and S.~E.~Shackney and R. Schwartz},
  Booktitle                = {International Symposium of Bioinformatics Research and Applications},
  Year                     = {2008},
  Pages                    = {268--279}
}

@Article{PSS08b,
  Title                    = {Network-Based Inference of Cancer Progression from Microarray Data},
  Author                   = {Y.~Park and S.~E.~Shackney and R. Schwartz},
  Journal                  = {IEEE/ACM Transactions on Computational Biology and Bioinformatics},
  Year                     = {2008},
  Pages                    = {in press}
}

@Article{Pearson1901,
  Title                    = {On Lines and Planes of Closest Fit to Systems of Points in Space},
  Author                   = {K. Pearson},
  Journal                  = {Philosophical Magazine},
  Year                     = {1901},
  Number                   = {6},
  Pages                    = {559--572},
  Volume                   = {2}
}

@Article{PSSS07,
  Title                    = {Reconstructing Tumor Phylogenies from Single-Cell Data},
  Author                   = {G. Pennington and C.~A. Smith and S.~E. Shackney and R. Schwartz},
  Journal                  = {Journal of Bioinformatics and Computational Biology},
  Year                     = {2007},
  Pages                    = {235--241},
  Volume                   = {5(02A)}
}

@InProceedings{PSSS06,
  Title                    = {Expectation-Maximization Method for the Reconstruction of Tumor Phylogenies from Single-Cell Data},
  Author                   = {G. Pennington and C.~A. Smith and S.~E. Shackney and R. Schwartz},
  Booktitle                = {Computational Systems Bioinformatics Conference},
  Year                     = {2006},
  Pages                    = {199--210}
}

@Book{Pis89,
  Title                    = {The Volume of Convex Bodies and Banach Space Geometry},
  Author                   = {Pisier, G.},
  Publisher                = {Cambridge University Press},
  Year                     = {1989},

  Location                 = {Cambridge}
}

@Article{Pisier81,
  Title                    = {Remarques sur un resultat non publie de B. Maurey},
  Author                   = {G. Pisier},
  Journal                  = {(French) S�minaire d'Analyse Functionnelle 1980-81},
  Year                     = {1981},
  Volume                   = {Exp. No. V, 13},

  Publisher                = {Ecole Polytechnique, Palaiseau}
}

@Article{poisson,
  Title                    = {Sur la probabilit\'{e} des r\'{e}sultats moyens des observations},
  Author                   = {Poisson, S.D.},
  Journal                  = {Connaissance des Tems pour l'an},
  Year                     = {1824},
  Pages                    = {273--302}
}

@Article{Pre,
  Title                    = {Logarithmic concave measures and functions},
  Author                   = {Pr\'{e}kopa, A.},
  Journal                  = {Acta Sci. Math. Szeged},
  Year                     = {1973},
  Pages                    = {335--343},
  Volume                   = {34}
}

@Article{Pr73a,
  Title                    = {Logarithmic concave measures and functions},
  Author                   = {Prekopa, A.},
  Journal                  = {Acta Sci. Math. Szeged},
  Year                     = {1973},
  Pages                    = {335--343},
  Volume                   = {34}
}

@Article{Pr73b,
  Title                    = {On logarithmic concave measures with applications to stochastic programming},
  Author                   = {Prekopa, A.},
  Journal                  = {Acta Sci. Math. Szeged},
  Year                     = {1973},
  Pages                    = {301--316},
  Volume                   = {32}
}

@Article{price2004uniform,
  Title                    = {Uniform sampling of steady-state flux spaces: means to design experiments and to interpret enzymopathies},
  Author                   = {Price, N. and Schellenberger, J. and Palsson, B.},
  Journal                  = {Biophysical journal},
  Year                     = {2004},
  Number                   = {4},
  Pages                    = {2172--2186},
  Volume                   = {87},

  Publisher                = {Elsevier}
}

@Article{pruksanubal02,
  Title                    = {Modelling of magnetic hysteresis using Cauchy distribution},
  Author                   = {Pruksanubal, P. and Binner, A. and Gonschorek, K.H.},
  Journal                  = {3rd International Symposium on Electromagnetic Compatibility},
  Year                     = {2002},
  Pages                    = {446--449},

  ISBN                     = {0-7803-7277-8},
  Publisher                = {IEEE Computer Society}
}

@Article{KSV08,
  Title                    = {The Spectral Method for General Mixture Models},
  Author                   = {R. Kannan, H. Salmasian and S. Vempala},
  Journal                  = {Siam J. Comp.},
  Year                     = {2008},
  Number                   = {3},
  Pages                    = {1141--1156},
  Volume                   = {38}
}

@Article{RV08,
  Title                    = {Dispersion of Mass and the Complexity of Randomized Geometric Algorithms},
  Author                   = {L. Rademacher and S. Vempala},
  Journal                  = {Advances in Mathematics},
  Year                     = {2008},
  Number                   = {3},
  Pages                    = {1037--1069},
  Volume                   = {219}
}

@InProceedings{RFV07,
  Title                    = {Filtering Spam with Behavioral Blacklisting},
  Author                   = {A. Ramachandran and N. Feamster and S. Vempala},
  Booktitle                = {Proc. ACM Computer and Communication Security},
  Year                     = {2007}
}

@Article{rizo08,
  Title                    = {Cauchy Distribution for Jitter in {IP} Networks},
  Author                   = {Rizo, L. and Torres, D. and Dehesa, J. and Mu,D.},
  Journal                  = {International Conference on Electronics, Communications, and Computers},
  Year                     = {2008},
  Pages                    = {35--40},

  Publisher                = {IEEE Computer Society}
}

@Book{Ros62,
  Title                    = {Principles of Neurodynamics},
  Author                   = {Rosenblatt, F.},
  Publisher                = {Spartan
Books},
  Year                     = {1962},

  Address                  = {Washington, DC}
}

@Article{Rudelson1999,
  Title                    = {Random vectors in the isotropic position},
  Author                   = {M. Rudelson},
  Journal                  = {Journal of Functional Analysis},
  Year                     = {1999},
  Pages                    = {60--72},
  Volume                   = {164}
}

@Article{RuVe2007,
  Title                    = {Sampling from large matrices: An approach through geometric
functional analysis},
  Author                   = {M. Rudelson and R. Vershynin},
  Journal                  = {Journal of the ACM},
  Year                     = {2007},
  Number                   = {4},
  Volume                   = {54}
}

@Article{Iyengar,
  Title                    = {Evaluation of Normal Probabilities of Symmetric Regions},
  Author                   = {Iyengar S.},
  Journal                  = {SIAM J. Sci. Stat. Comput.},
  Year                     = {1988},
  Pages                    = {812--837},
  Volume                   = {9}
}

@Article{sahoo2015modeling,
  Title                    = {Modeling the effects of commonly used drugs on human metabolism},
  Author                   = {Sahoo, S. and Haraldsd{\'o}ttir, H. and Fleming, R. and Thiele, I.},
  Journal                  = {FEBS Journal},
  Year                     = {2015},
  Number                   = {2},
  Pages                    = {297--317},
  Volume                   = {282},

  Publisher                = {Wiley Online Library}
}

@InProceedings{fogel97,
  Title                    = {Multi-operator Evolutionary Programming: A Preliminary Study on Function Optimization},
  Author                   = {Saravanan, N. and Fogel, D.B.},
  Booktitle                = {EP '97: Proceedings of the 6\textsuperscript{th} International Conference on Evolutionary Programming VI},
  Year                     = {1997},

  Address                  = {London, UK},
  Pages                    = {215--222},
  Publisher                = {Springer-Verlag},

  ISBN                     = {3-540-62788-X}
}

@InProceedings{Sarlos06,
  Title                    = {Improved Approximation Algorithms for Large Matrices via
 Random Projections},
  Author                   = {Tam{\'a}s Sarl{\'o}s},
  Booktitle                = {FOCS},
  Year                     = {2006},
  Pages                    = {143--152}
}

@Article{schellenberger2009use,
  Title                    = {Use of randomized sampling for analysis of metabolic networks},
  Author                   = {Schellenberger, J. and Palsson, B.},
  Journal                  = {Journal of Biological Chemistry},
  Year                     = {2009},
  Number                   = {9},
  Pages                    = {5457--5461},
  Volume                   = {284},

  Publisher                = {ASBMB}
}

@Article{schellenberger2011quantitative,
  Title                    = {Quantitative prediction of cellular metabolism with constraint-based models: the COBRA Toolbox v2. 0},
  Author                   = {Schellenberger, J. and Que, R. and Fleming, R. and Thiele, I. and Orth, J. and Feist, A. and Zielinski, D. and Bordbar, A. and Lewis, N. and Rahmanian, S. and others},
  Journal                  = {Nature protocols},
  Year                     = {2011},
  Number                   = {9},
  Pages                    = {1290--1307},
  Volume                   = {6},

  Publisher                = {Nature Publishing Group}
}

@InProceedings{S04b,
  Title                    = {Algorithms for Association Study Design Using a Generalized Model of Haplotype Conservation},
  Author                   = {R. Schwartz},
  Booktitle                = {Computational Systems Bioinformatics Conference},
  Year                     = {2004},
  Pages                    = {90--97}
}

@InProceedings{S04a,
  Title                    = {Inferring Piecewise Ancestral History from Haploid Sequences},
  Author                   = {R. Schwartz and A. Clark and S. Istrail},
  Booktitle                = {DIMACS/RECOMB Satellite Workshop on SNPs and Haplotypes (LNCS 2983)},
  Year                     = {2004},
  Pages                    = {62--73}
}

@InProceedings{S03,
  Title                    = {Haplotype Motifs: An Algorithmic Approach to Locating Evolutionarily Conserved Patterns in Haploid Sequences},
  Author                   = {R. Schwartz and A. Clark and S. Istrail},
  Booktitle                = {Computational Systems Bioinformatics Conference},
  Year                     = {2003},
  Pages                    = {306--314}
}

@InProceedings{SCI01,
  Title                    = {Methods for Inferring Blockwise Ancestral History from Haploid Sequences: The Haplotype Coloring Problem},
  Author                   = {R. Schwartz and A. Clark and S. Istrail},
  Booktitle                = {Workshop on Algorithms in Bioinformatics (LNCS 2452)},
  Year                     = {2001},
  Pages                    = {44--59}
}

@InProceedings{She10,
  Title                    = {Optimal bounds for sign-representing the intersection of two halfspaces by polynomials},
  Author                   = {Alexander A. Sherstov},
  Booktitle                = {STOC},
  Year                     = {2010}
}

@InProceedings{She09,
  Title                    = {The Intersection of Two Halfspaces Has High Threshold Degree},
  Author                   = {Alexander A. Sherstov},
  Booktitle                = {FOCS},
  Year                     = {2009},
  Pages                    = {343--362}
}

@Article{SM00,
  Title                    = {Normalized cuts and image segmentation},
  Author                   = {J. Shi and J. Malik},
  Journal                  = {IEEE Transactions on Pattern Analysis and Machine Intelligence},
  Year                     = {2000},
  Number                   = {8},
  Pages                    = {888--905},
  Volume                   = {22}
}

@Book{shima2007geometry,
  Title                    = {The geometry of Hessian structures},
  Author                   = {Shima, Hirohiko},
  Publisher                = {World Scientific},
  Year                     = {2007},
  Volume                   = {1}
}

@Article{Shor77,
  Title                    = {Cut-off method with space extension in convex programming problems},
  Author                   = {N. Z. Shor},
  Journal                  = {Kibernetika},
  Year                     = {1977},
  Pages                    = {94�95},
  Volume                   = {13}
}

@Article{Simonovits03,
  Title                    = {How to compute the volume in high dimension?},
  Author                   = {Mikl{\'o}s Simonovits},
  Journal                  = {Math. Program.},
  Year                     = {2003},
  Number                   = {1-2},
  Pages                    = {337--374},
  Volume                   = {97},

  Bibsource                = {DBLP, http://dblp.uni-trier.de},
  Doi                      = {10.1007/s10107-003-0447-x}
}

@Article{SJ89,
  Title                    = {Approximate counting, uniform generation and rapidly mixing {Markov} chains},
  Author                   = {A. Sinclair and M. Jerrum},
  Journal                  = {Information and Computation},
  Year                     = {1989},
  Pages                    = {93--133},
  Volume                   = {82}
}

@Article{Sm,
  Title                    = {Efficient {Monte-Carlo} procedures for generating points uniformly distributed over bounded regions},
  Author                   = {Smith, R.L.},
  Journal                  = {Operations Res.},
  Year                     = {1984},
  Pages                    = {1296--1308},
  Volume                   = {32}
}

@Article{Somerville,
  Title                    = {Numerical computation of multivariate normal and multivariate-t probabilities over convex regions},
  Author                   = {Somerville, P. N.},
  Journal                  = {J. Comput. Graph. Stat.},
  Year                     = {1998},
  Pages                    = {529--545},
  Volume                   = {7}
}

@Article{ST2007,
  Title                    = {Spectral partitioning works: Planar graphs and finite element meshes},
  Author                   = {Daniel A. Spielman and Shang-Hua Teng},
  Journal                  = {Linear Algebra and its Applications},
  Year                     = {2007},
  Number                   = {2-3},
  Pages                    = {284--305},
  Volume                   = {421}
}

@Article{SS08,
  Title                    = {A Human Genome-Wide Library of Local Phylogeny Predictions for Whole-Genome Inference Problems},
  Author                   = {S.~Sridhar and R.~Schwartz},
  Journal                  = {BMC Genomics},
  Year                     = {2008},
  Pages                    = {389},
  Volume                   = {9}
}

@InProceedings{SVV07,
  Title                    = {Adaptive Simulated Annealing: A Near-optimal Connection between Sampling and Counting},
  Author                   = {D. Stefankovic and S. Vempala and E. Vigoda},
  Booktitle                = {FOCS},
  Year                     = {2007},

  Address                  = {Washington, DC, USA},
  Pages                    = {183--193},
  Publisher                = {IEEE Computer Society},

  Doi                      = {10.1109/FOCS.2007.8},
  ISBN                     = {0-7695-3010-9}
}

@Book{Stewart1990,
  Title                    = {Matrix Perturbation Theory},
  Author                   = {G.W. Stewart and Ji-guang Sun},
  Publisher                = {Academic Press, Inc.},
  Year                     = {1990}
}

@Article{stigler74,
  Title                    = {Studies in the History of Probability and Statistics. XXXIII Cauchy and the Witch of Agnesi: An Historical Note on the Cauchy Distribution},
  Author                   = {Stigler, Stephen M.},
  Journal                  = {Biometrika},
  Year                     = {1974},
  Number                   = {2},
  Pages                    = {375--380},
  Volume                   = {61},

  Copyright                = {Copyright � 1974 Biometrika Trust},
  ISSN                     = {00063444},
  Jstor_articletype        = {primary_article},
  Jstor_formatteddate      = {Aug., 1974},
  Publisher                = {Biometrika Trust},
  Url                      = {http://www.jstor.org/stable/2334368}
}

@Book{Strang,
  Title                    = {Linear Algebra and Its Applications},
  Author                   = {Strang, Gilbert},
  Publisher                = {Brooks Cole},
  Year                     = {1988}
}

@Article{szu87,
  Title                    = {Fast simulated annealing},
  Author                   = {{Szu}, H. and {Hartley}, R.},
  Journal                  = {Physics Letters A},
  Year                     = {1987},

  Month                    = jun,
  Pages                    = {157--162},
  Volume                   = {122},

  Adsnote                  = {Provided by the SAO/NASA Astrophysics Data System},
  Adsurl                   = {http://adsabs.harvard.edu/abs/1987PhLA..122..157S},
  Doi                      = {10.1016/0375-9601(87)90796-1}
}

@Article{szuHart87,
  Title                    = {Nonconvex optimization by fast simulated annealing},
  Author                   = {{Szu}, H. and {Hartley}, R.},
  Journal                  = {Proceeding of the IEEE},
  Year                     = {1987},

  Month                    = jun,
  Pages                    = {1538--1540},
  Volume                   = {75},

  Issue                    = {11}
}

@Article{thiele2005candidate,
  Title                    = {Candidate metabolic network states in human mitochondria impact of diabetes, ischemia, and diet},
  Author                   = {Thiele, I. and Price, N. and Vo, T. and Palsson, B.},
  Journal                  = {Journal of Biological Chemistry},
  Year                     = {2005},
  Number                   = {12},
  Pages                    = {11683--11695},
  Volume                   = {280},

  Publisher                = {ASBMB}
}

@Article{DelaTorre2003,
  Title                    = {A framework for robust subspace learning},
  Author                   = {F. De la Torre and M.J. Black},
  Journal                  = {International Journal on Computer Vision},
  Year                     = {2004},
  Pages                    = {117--142},
  Volume                   = {54}
}

@Article{totaro2004curvature,
  Title                    = {The curvature of a Hessian metric},
  Author                   = {Totaro, Burt},
  Journal                  = {International Journal of Mathematics},
  Year                     = {2004},
  Number                   = {04},
  Pages                    = {369--391},
  Volume                   = {15},

  Owner                    = {YinTat},
  Publisher                = {World Scientific},
  Timestamp                = {2016.04.27}
}

@InProceedings{TP91,
  Title                    = {Faces recognition using Eigenfaces},
  Author                   = {M. Turk and A. Pentland},
  Booktitle                = {Proc. of CVPR},
  Year                     = {1991},
  Pages                    = {586--591}
}


@Article{V84,
  Title                    = {A Theory of the Learnable},
  Author                   = {L.G. Valiant},
  Journal                  = CACM,
  Year                     = {1984},

  Month                    = Nov,
  Number                   = {11},
  Pages                    = {1134--1142},
  Volume                   = {27},

  Comment                  = {Defines `learnability' wrt EXAMPLES and ORACLE using arbitrary
probability measure on event space. Shows k-CNF learnable from
examples only.}
}

@InProceedings{Valiant1985,
  Title                    = {Learning Disjunction of Conjunctions},
  Author                   = {L. G. Valiant},
  Booktitle                = {Proc. of IJCAI},
  Year                     = {1985},
  Pages                    = {560--566}
}

@Book{Vapnik98,
  Title                    = {Statistical Learning Theory},
  Author                   = {V. N. Vapnik},
  Publisher                = {John Wiley and Sons Inc., New York},
  Year                     = {1998}
}

@Article{F96,
  Title                    = {{MAX-CUT has a Randomized Approximation Scheme in Dense Graphs}},
  Author                   = {W. Fernandez-de-la-Vega},
  Journal                  = {Random Structures and Algorithms},
  Year                     = {1996},
  Pages                    = {187--199},
  Volume                   = {8}
}

@Article{FK00,
  Title                    = {Polynomial time approximation of dense weighted instances of
MAX-CUT},
  Author                   = {W. Fernandez de la Vega and M. Karpinski},
  Journal                  = {Random Structures and Algorithms},
  Year                     = {2000},
  Pages                    = {314--332},
  Volume                   = {16}
}

@InProceedings{FKKV05,
  Title                    = {Tensor decomposition and approximation schemes for constraint
satisfaction problems},
  Author                   = {de la Vega, W. Fernandez and Karpinski, Marek and Kannan, Ravi and
Vempala, Santosh},
  Booktitle                = {STOC '05: Proceedings of the thirty-seventh annual ACM symposium
on Theory of computing},
  Year                     = {2005},
  Pages                    = {747--754}
}

@InProceedings{FKK04,
  Title                    = {Approximation Schemes for Metric Bisection and Partitioning},
  Author                   = {W. Fernandez de la Vega and M. Karpinski and C. Kenyon},
  Booktitle                = {Proc. 15\textsuperscript{th} ACM-SIAM SODA},
  Year                     = {2004},
  Pages                    = {499--508}
}

@InProceedings{FKKR03,
  Title                    = {Approximation schemes for clustering problems},
  Author                   = {W. Fernandez de la Vega and M. Karpinski and C. Kenyon and Y. Rabani},
  Booktitle                = {Proc. 35\textsuperscript{th} ACM STOC},
  Year                     = {2003},
  Pages                    = {50--58}
}

@Article{FK98,
  Title                    = {A randomized approximation scheme for metric MAX-CUT},
  Author                   = {W. Fernandez de la Vega and C. Kenyon},
  Journal                  = {J. Computer and System Sciences},
  Year                     = {2001},
  Pages                    = {531--541},
  Volume                   = {63}
}

@Article{Vem10,
  Title                    = {A Random Sampling based Algorithm for Learning the Intersection of
Half-spaces},
  Author                   = {S. Vempala},
  Journal                  = {JACM, to appear},
  Year                     = {2010}
}

@InProceedings{Vempala10b,
  Title                    = {Learning Convex Concepts from {Gauss}ian Distributions with {PCA}},
  Author                   = {S. Vempala},
  Booktitle                = {FOCS},
  Year                     = {2010}
}

@Article{VemSurvey,
  Title                    = {Geometric Random Walks: A Survey},
  Author                   = {S. Vempala},
  Journal                  = {MSRI Combinatorial and Computational Geometry},
  Year                     = {2005},
  Pages                    = {573--612},
  Volume                   = {52}
}

@InProceedings{Vempala97,
  Title                    = {A Random Sampling based Algorithm for Learning the Intersection of
Half-spaces},
  Author                   = {S. Vempala},
  Booktitle                = {FOCS},
  Year                     = {1997},
  Pages                    = {508--513}
}

@Article{VW,
  Title                    = {A spectral algorithm for learning mixture models},
  Author                   = {S. Vempala and G. Wang},
  Journal                  = {J. Comput. Syst. Sci.},
  Year                     = {2004},
  Number                   = {4},
  Pages                    = {841--860},
  Volume                   = {68}
}

@Book{Vempala04,
  Title                    = {The Random Projection Method},
  Author                   = {S. S. Vempala},
  Publisher                = {AMS},
  Year                     = {2004}
}

@InProceedings{Vu05,
  Title                    = {Spectral norm of random matrices},
  Author                   = {V. H. Vu},
  Booktitle                = {Proc. of STOC},
  Year                     = {2005},
  Pages                    = {423--430}
}

@Article{wiback2004monte,
  Title                    = {{Monte Carlo} sampling can be used to determine the size and shape of the steady-state flux space},
  Author                   = {Wiback, S. and Famili, I. and Greenberg, H. and Palsson, B.},
  Journal                  = {Journal of theoretical biology},
  Year                     = {2004},
  Number                   = {4},
  Pages                    = {437--447},
  Volume                   = {228},

  Publisher                = {Elsevier}
}

@Book{Wilkinson,
  Title                    = {The algebraic eigenvalue problem (paperback ed.)},
  Author                   = {Wilkinson, J.H.},
  Publisher                = {Clarendon Press},
  Year                     = {1988},

  Address                  = {Oxford}
}

@Article{Xu1995,
  author  = {L. Xu and A.L. Yuille},
  journal = {IEEE Transactions on Neural Networks},
  title   = {Robust principal component analysis by self-organizing rules based on statistical physics approach},
  year    = {1995},
  number  = {1},
  pages   = {131--143},
  volume  = {6},
}

@Article{Yao97fastevolution,
  Title                    = {Fast evolution strategies},
  Author                   = {Yao, X. and Liu, Y.},
  Journal                  = {Control and Cybernetics},
  Year                     = {1997},
  Pages                    = {467--496},
  Volume                   = {26}
}

@InProceedings{Yao96fastevolutionary,
  Title                    = {Fast Evolutionary Programming},
  Author                   = {Yao, X. and Liu, Y.},
  Booktitle                = {Proceedings of the Fifth Annual Conference on Evolutionary Programming},
  Year                     = {1996},
  Pages                    = {451--460},
  Publisher                = {MIT Press}
}

@Article{YN76,
  Title                    = {Evaluation of the information complexity of mathematical programming problems (in {Russia}n)},
  Author                   = {D.~B.~Yudin and A.~S.~Nemirovski},
  Journal                  = {Ekonomika i Matematicheskie Metody},
  Year                     = {1976},
  Number                   = {2},
  Pages                    = {3--45},
  Volume                   = {13}
}

@Article{Zei99,
  Title                    = {Proof of a conjecture of {C}han, {R}obbins, and {Y}uen},
  Author                   = {Zeilberger, D.},
  Journal                  = {Electron. Trans. Numer. Anal.},
  Year                     = {1999},
  Note                     = {Orthogonal polynomials: numerical and symbolic algorithms
 (Legan{\'e}s, 1998)},
  Pages                    = {147--148 (electronic)},
  Volume                   = {9},

  Fjournal                 = {Electronic Transactions on Numerical Analysis},
  ISSN                     = {1068-9613},
  Mrclass                  = {05A15 (52B05)},
  Mrnumber                 = {1749805 (2001b:05015)}
}

@Unpublished{eigencluster,
  Title                    = {EigenCluster},
  Note                     = {http://arc2.cc.gatech.edu}
}

@article{ollivier2013visual,
  title={A visual introduction to Riemannian curvatures and some discrete generalizations},
  author={Ollivier, Yann},
  journal={Analysis and Geometry of Metric Measure Spaces: Lecture Notes of the 50th S{\'e}minaire de Math{\'e}matiques Sup{\'e}rieures (SMS), Montr{\'e}al, 2011},
  pages={197--219},
  year={2013},
  publisher={AMS}
}

@book{jost2008riemannian,
  title={Riemannian geometry and geometric analysis},
  author={Jost, J{\"u}rgen},
  year={2008},
  publisher={Springer Science \& Business Media}
}


@book{ArtsteinGM2015,
  title={Asymptotic Geometric Analysis, Part I},
  author={Artstein-Avidan, Shiri and Giannopoulos, Apostolos and Milman, Vitali D},
  journal={Mathematical Surveys and Monographs},
  volume={202},
  year={2015}
}

@article{straszak2015natural,
  title={On a natural dynamics for linear programming},
  author={Straszak, Damian and Vishnoi, Nisheeth K},
  journal={arXiv preprint arXiv:1511.07020},
  year={2015}
}

@inproceedings{allen2016using,
  title={Using optimization to obtain a width-independent, parallel, simpler, and faster positive SDP solver},
  author={Allen-Zhu, Zeyuan and Lee, Yin Tat and Orecchia, Lorenzo},
  booktitle={Proceedings of the Twenty-Seventh Annual ACM-SIAM Symposium on Discrete Algorithms},
  pages={1824--1831},
  year={2016},
  organization={SIAM}
}

@inproceedings{EldanL15,
  author    = {Ronen Eldan and
               James R. Lee},
  title     = {Talagrand's Convolution Conjecture on Gaussian Space},
  booktitle = {{IEEE} 56th Annual Symposium on Foundations of Computer Science, {FOCS}
               2015, Berkeley, CA, USA, 17-20 October, 2015},
  pages     = {1395--1408},
  year      = {2015},
  timestamp = {Mon, 04 Jan 2016 13:44:40 +0100},
  biburl    = {http://dblp.uni-trier.de/rec/bib/conf/focs/EldanL15},
  bibsource = {dblp computer science bibliography, http://dblp.org}
}

@article{EldanL13,
Author = {Ronen Eldan and Joseph Lehec},
Title = {Bounding the norm of a log-concave vector via thin-shell estimates},
Year = {2013},
Eprint = {arXiv:1306.3696},
Howpublished = {Geometric Aspects of Functional Analysis, Lecture Notes in
  Mathematics. Vol. 2116, 2014, pp 107-122},
Doi = {10.1007/978-3-319-09477-9_9},
}

@book{oksendal2013stochastic,
  title={Stochastic differential equations: an introduction with applications},
  author={Oksendal, Bernt},
  year={2013},
  publisher={Springer Science \& Business Media}
}

@article{lieb1976inequalities,
  title={Inequalities for the moments of the eigenvalues of the
   {S}chr{\"o}dinger equation and their relation to {S}obolev inequalities},
  author={Lieb, E and Thirring, W},
  journal={Studies in Mathematical Physics: Essays in honor of Valentine Bargman, Lieb, E., Simon, B., Wightman, AS (eds.)},
  pages={269--303},
  year={1976}
}

@book{revuz2013continuous,
  title={Continuous martingales and Brownian motion},
  author={Revuz, Daniel and Yor, Marc},
  volume={293},
  year={2013},
  publisher={Springer Science \& Business Media}
}

@article{milman1989cas,
  title={Cas limites des in{\'e}galit{\'e}s du type Khinchine et applications g{\'e}om{\'e}triques},
  author={Milman, VD and Pajor, Alain},
  journal={CR Acad. Sci. Paris},
  volume={308},
  pages={91--96},
  year={1989}
}

@article{hartzoulaki2003probabilistic,
  title={Probabilistic methods in the theory of convex bodies},
  author={Hartzoulaki, M},
  journal={University of Crete},
  year={2003}
}

@incollection{bourgain2004symmetrization,
  title={Symmetrization and isotropic constants of convex bodies},
  author={Bourgain, J and Klartag, B and Milman, V},
  booktitle={Geometric aspects of functional analysis},
  pages={101--115},
  year={2004},
  publisher={Springer}
}

@incollection{milman1989isotropic,
  title={Isotropic position and inertia ellipsoids and zonoids of the unit ball of a normed n-dimensional space},
  author={Milman, Vitali D and Pajor, Alain},
  booktitle={Geometric aspects of functional analysis},
  pages={64--104},
  year={1989},
  publisher={Springer}
}

@article{ball1988logarithmically,
  title={Logarithmically concave functions and sections of convex sets in Rn},
  author={Ball, Keith},
  journal={Studia Math},
  volume={88},
  number={1},
  pages={69--84},
  year={1988}
}

@incollection{alesker1995psi,
  title={$\psi$ 2-Estimate for the Euclidean Norm on a Convex Body in Isotropic Position},
  author={Alesker, Simeon},
  booktitle={Geometric aspects of functional analysis},
  pages={1--4},
  year={1995},
  publisher={Springer}
}

@article{DBLP:journals/corr/LeeV16a,
  author    = {Yin Tat Lee and
               Santosh Srinivas Vempala},
  title     = {Eldan's Stochastic Localization and the {KLS} Hyperplane Conjecture:
               An Improved Lower Bound for Expansion},
  journal   = {CoRR},
  volume    = {abs/1612.01507},
  year      = {2016},
  url       = {http://arxiv.org/abs/1612.01507},
  timestamp = {Wed, 07 Jun 2017 14:40:49 +0200},
  biburl    = {http://dblp.uni-trier.de/rec/bib/journals/corr/LeeV16a},
  bibsource = {dblp computer science bibliography, http://dblp.org}
}

@article{mangoubi2017rapid,
  title={Rapid Mixing of Hamiltonian Monte Carlo on Strongly Log-Concave Distributions},
  author={Mangoubi, Oren and Smith, Aaron},
  journal={arXiv preprint arXiv:1708.07114},
  year={2017}
}
@inproceedings{KL99,
 author = {Ravi Kannan and Lov\'{a}sz, L\'{a}szl\'{o}},
 title = {Faster Mixing via Average Conductance},
 booktitle = {Proceedings of the Thirty-first Annual ACM Symposium on Theory of Computing},
 series = {STOC '99},
 year = {1999},
 isbn = {1-58113-067-8},
 location = {Atlanta, Georgia, USA},
 pages = {282--287},
 numpages = {6},
 url = {http://doi.acm.org/10.1145/301250.301317},
 doi = {10.1145/301250.301317},
 acmid = {301317},
 publisher = {ACM},
 address = {New York, NY, USA},
} 

@article{BSS12,
  author    = {Joshua D. Batson and
               Daniel A. Spielman and
               Nikhil Srivastava},
  title     = {Twice-Ramanujan Sparsifiers},
  journal   = {{SIAM} J. Comput.},
  volume    = {41},
  number    = {6},
  pages     = {1704--1721},
  year      = {2012},
  url       = {https://doi.org/10.1137/090772873},
  doi       = {10.1137/090772873},
  timestamp = {Sat, 27 May 2017 14:22:59 +0200},
  biburl    = {http://dblp.org/rec/bib/journals/siamcomp/BatsonSS12},
  bibsource = {dblp computer science bibliography, http://dblp.org}
}
maintained by Schloss Dagstuhl LZI at University of Trier	homebrowsesearchabout
open data 

@article{KannanLM06,
  author    = {Ravi Kannan and
               L{\'{a}}szl{\'{o}} Lov{\'{a}}sz and
               Ravi Montenegro},
  title     = {Blocking Conductance and Mixing in Random Walks},
  journal   = {Combinatorics, Probability {\&} Computing},
  volume    = {15},
  number    = {4},
  pages     = {541--570},
  year      = {2006},
  url       = {https://doi.org/10.1017/S0963548306007504},
  doi       = {10.1017/S0963548306007504},
  timestamp = {Thu, 18 May 2017 09:52:05 +0200},
  biburl    = {http://dblp.org/rec/bib/journals/cpc/KannanLM06},
  bibsource = {dblp computer science bibliography, http://dblp.org}
}

@article{Ledoux1999,
author = {Ledoux, Michel},
journal = {Seminaire de probabilites de Strasbourg},
keywords = {Sobolev inequality; isoperimetric inequality; Markov semigroup; Dirichlet form; Brownian motion on a manifold; Gaussian measures; Boltzmann measures; Herbst's basic Laplace transform; concentration inequalities; Bernoulli measures; Poisson measures; Riemannian manifolds with non-negative Ricci curvature},
language = {eng},
pages = {120-216},
publisher = {Springer - Lecture Notes in Mathematics},
title = {Concentration of measure and logarithmic Sobolev inequalities},
url = {http://eudml.org/doc/114006},
volume = {33},
year = {1999},
}

@Article{ledoux1994simple,
  author  = {Ledoux, Michel},
  title   = {A simple analytic proof of an inequality by P. Buser},
  journal = {Proceedings of the American mathematical society},
  year    = {1994},
  volume  = {121},
  number  = {3},
  pages   = {951--959},
}

@misc{ashbaugh2010problem,
  title={The problem of queen Dido},
  author={Ashbaugh, Mark and Benguria, Rafael},
  year={2010},
  publisher={Obtido em}
}

@article{steiner1838einfache,
  title={Einfache Beweise der isoperimetrischen Haupts{\"a}tze.},
  author={Steiner, Jacob},
  journal={Journal f{\"u}r die reine und angewandte Mathematik},
  volume={18},
  pages={281--296},
  year={1838}
}

@article{paouris2012small,
  title={Small ball probability estimates for log-concave measures},
  author={Paouris, Grigoris},
  journal={Transactions of the American Mathematical Society},
  volume={364},
  number={1},
  pages={287--308},
  year={2012}
}

@inproceedings{bobkov2010entropy,
  title={Entropy and the hyperplane conjecture in convex geometry},
  author={Bobkov, Sergey and Madiman, Mokshay},
  booktitle={Information Theory Proceedings (ISIT), 2010 IEEE International Symposium on},
  pages={1438--1442},
  year={2010},
  organization={IEEE}
}

@article{dafnis2010small,
  title={Small ball probability estimates, $\psi$2-behavior and the hyperplane conjecture},
  author={Dafnis, Nikos and Paouris, Grigoris},
  journal={Journal of Functional Analysis},
  volume={258},
  number={6},
  pages={1933--1964},
  year={2010},
  publisher={Elsevier}
}

@article{brehm2000asymptotics,
  title={Asymptotics of cross sections for convex bodies},
  author={Brehm, Ulrich and Voigt, J{\"u}rgen},
  journal={Beitr{\"a}ge Algebra Geom},
  volume={41},
  number={2},
  pages={437--454},
  year={2000}
}

@article{bobkov2003concentration,
  title={On concentration of distributions of random weighted sums},
  author={Bobkov, SG},
  journal={Annals of probability},
  pages={195--215},
  year={2003},
  publisher={JSTOR}
}

@inproceedings{lee2017sdp,
  title={An SDP-based algorithm for linear-sized spectral sparsification},
  author={Lee, Yin Tat and Sun, He},
  booktitle={Proceedings of the 49th Annual ACM SIGACT Symposium on Theory of Computing},
  pages={678--687},
  year={2017},
  organization={ACM}
}


@inproceedings{allen2015spectral,
  title={Spectral sparsification and regret minimization beyond matrix multiplicative updates},
  author={Allen-Zhu, Zeyuan and Liao, Zhenyu and Orecchia, Lorenzo},
  booktitle={Proceedings of the forty-seventh annual ACM symposium on Theory of computing},
  pages={237--245},
  year={2015},
  organization={ACM}
}

@article{adamczak2011sharp,
  title={Sharp bounds on the rate of convergence of the empirical covariance matrix},
  author={Adamczak, Rados{\l}aw and Litvak, Alexander E and Pajor, Alain and Tomczak-Jaegermann, Nicole},
  journal={Comptes Rendus Mathematique},
  volume={349},
  number={3},
  pages={195--200},
  year={2011},
  publisher={Elsevier}
}

@article{srivastava2013covariance,
  title={Covariance estimation for distributions with 2+eps moments},
  author={Srivastava, Nikhil and Vershynin, Roman and others},
  journal={The Annals of Probability},
  volume={41},
  number={5},
  pages={3081--3111},
  year={2013},
  publisher={Institute of Mathematical Statistics}
}

@article{audibert2013regret,
  title={Regret in online combinatorial optimization},
  author={Audibert, Jean-Yves and Bubeck, S{\'e}bastien and Lugosi, G{\'a}bor},
  journal={Mathematics of Operations Research},
  volume={39},
  number={1},
  pages={31--45},
  year={2013},
  publisher={INFORMS}
}

@article{sudakov1974extremal,
  title={Extremal properties of semi-spaces for spherically symmetrical measures},
  author={Sudakov, Vladimir Nikolaevich and Tsirel'son, Boris S},
  journal={Zapiski Nauchnykh Seminarov POMI},
  volume={41},
  pages={14--24},
  year={1974},
  publisher={St. Petersburg Department of Steklov Institute of Mathematics, Russian Academy of Sciences}
}

@Article{Ball2006lecture,
  Title                    = {Lecture},
  Author                   = {K. Ball},
  Journal                  = {Institut Henri Poincare, Paris},
  Year                     = {2006}
}

@inproceedings{FeldmanGV17,
  author    = {Vitaly Feldman and
               Cristobal Guzman and
               Santosh Vempala},
  title     = {Statistical Query Algorithms for Mean Vector Estimation and Stochastic
               Convex Optimization},
  booktitle = {Proceedings of the Twenty-Eighth Annual {ACM-SIAM} Symposium on Discrete
               Algorithms, {SODA} 2017, Barcelona, Spain, Hotel Porta Fira, January
               16-19},
  pages     = {1265--1277},
  year      = {2017}
}

@article{carbery2001distributional,
  title={Distributional and L\^{} q norm inequalities for polynomials over convex bodies in R\^{} n},
  author={Carbery, Anthony and Wright, James},
  journal={Mathematical research letters},
  volume={8},
  number={3},
  pages={233--248},
  year={2001},
  publisher={INTERNATIONAL PRESS}
}

@article{borell1975brunn,
  title={The brunn-minkowski inequality in gauss space},
  author={Borell, Christer},
  journal={Inventiones mathematicae},
  volume={30},
  number={2},
  pages={207--216},
  year={1975},
  publisher={Springer}
}

@inproceedings{buser1982note,
  title={A note on the isoperimetric constant},
  author={Buser, Peter},
  booktitle={Annales scientifiques de l'{\'E}cole Normale Sup{\'e}rieure},
  volume={15},
  number={2},
  pages={213--230},
  year={1982},
  organization={Elsevier}
}

@article{payne1960optimal,
  title={An optimal Poincar{\'e} inequality for convex domains},
  author={Payne, Lawrence E and Weinberger, Hans F},
  journal={Archive for Rational Mechanics and Analysis},
  volume={5},
  number={1},
  pages={286--292},
  year={1960},
  publisher={Springer}
}

@article{klartag2012centroid,
  title={Centroid bodies and the logarithmic Laplace transform--A unified approach},
  author={Klartag, B. and Milman, E.},
  journal={Journal of Functional Analysis},
  volume={262},
  number={1},
  pages={10--34},
  year={2012},
  publisher={Elsevier}
}

@article{ball2012entropy,
  title={Entropy jumps for isotropic log-concave random vectors and spectral gap},
  author={Ball, Keith and Nguyen, Van Huang},
  journal={Studia Mathematica},
  volume={213},
  number={1},
  pages={81--96},
  year={2012},
  publisher={Institute of Mathematics Polish Academy of Sciences}
}

@incollection{stavrakakis2013geometry,
  title={On the geometry of log-concave probability measures with bounded log-Sobolev constant},
  author={Stavrakakis, P and Valettas, P},
  booktitle={Asymptotic Geometric Analysis},
  pages={359--380},
  year={2013},
  publisher={Springer}
}

@article{ledoux1999concentration,
  title={Concentration of measure and logarithmic Sobolev inequalities},
  author={Ledoux, Michel},
  journal={LECTURE NOTES IN MATHEMATICS-SPRINGER VERLAG-},
  pages={120--216},
  year={1999},
  publisher={Springer}
}

@InProceedings{Adil2019,
  author       = {Adil, Deeksha and Kyng, Rasmus and Peng, Richard and Sachdeva, Sushant},
  booktitle    = {Proceedings of the Thirtieth Annual ACM-SIAM Symposium on Discrete Algorithms},
  title        = {Iterative refinement for $\ell_p$-norm regression},
  year         = {2019},
  organization = {SIAM},
  pages        = {1405--1424},
}

@article{carmon2017lower,
  title={Lower bounds for finding stationary points I},
  author={Carmon, Yair and Duchi, John C and Hinder, Oliver and Sidford, Aaron},
  journal={arXiv preprint arXiv:1710.11606},
  year={2017}
}

@inproceedings{adil2019iterative,
  title={Iterative refinement for $\ell_p$-norm regression},
  author={Adil, Deeksha and Kyng, Rasmus and Peng, Richard and Sachdeva, Sushant},
  booktitle={Proceedings of the Thirtieth Annual ACM-SIAM Symposium on Discrete Algorithms},
  pages={1405--1424},
  year={2019},
  organization={SIAM}
}

@inproceedings{jiang2020improved,
  title={An improved cutting plane method for convex optimization, convex-concave games, and its applications},
  author={Jiang, Haotian and Lee, Yin Tat and Song, Zhao and Wong, Sam Chiu-wai},
  booktitle={Proceedings of the 52nd Annual ACM SIGACT Symposium on Theory of Computing},
  pages={944--953},
  year={2020}
}

@inproceedings{kyng2019flows,
  title={Flows in almost linear time via adaptive preconditioning},
  author={Kyng, Rasmus and Peng, Richard and Sachdeva, Sushant and Wang, Di},
  booktitle={Proceedings of the 51st Annual ACM SIGACT Symposium on Theory of Computing},
  pages={902--913},
  year={2019}
}

@article{blumensath2009iterative,
  title={Iterative hard thresholding for compressed sensing},
  author={Blumensath, Thomas and Davies, Mike E},
  journal={Applied and computational harmonic analysis},
  volume={27},
  number={3},
  pages={265--274},
  year={2009},
  publisher={Elsevier}
}

@inproceedings{kathuria2020unit,
  title={Unit Capacity Maxflow in Almost ${O}(m^{4/3})$ Time},
  author={Kathuria, Tarun and Liu, Yang P and Sidford, Aaron},
  booktitle={2020 IEEE 61st Annual Symposium on Foundations of Computer Science (FOCS)},
  pages={119--130},
  year={2020},
  organization={IEEE}
}

@article{manselli1991maximum,
  title={Maximum length of steepest descent curves for quasi-convex functions},
  author={Manselli, Paolo and Pucci, Carlo},
  journal={Geometriae Dedicata},
  volume={38},
  number={2},
  pages={211--227},
  year={1991},
  publisher={Springer}
}

@article{stigler1945cost,
  title={The cost of subsistence},
  author={Stigler, George J},
  journal={Journal of farm economics},
  volume={27},
  number={2},
  pages={303--314},
  year={1945},
  publisher={JSTOR}
}

@article{lewis1996convex,
  title={Convex analysis on the Hermitian matrices},
  author={Lewis, Adrian Stephen},
  journal={SIAM Journal on Optimization},
  volume={6},
  number={1},
  pages={164--177},
  year={1996},
  publisher={SIAM}
}

@inproceedings{cohen2016nearly,
  title={Nearly tight oblivious subspace embeddings by trace inequalities},
  author={Cohen, Michael B},
  booktitle={Proceedings of the twenty-seventh annual ACM-SIAM symposium on Discrete algorithms},
  pages={278--287},
  year={2016},
  organization={SIAM}
}

@book{vershynin2018high,
  title={High-dimensional probability: An introduction with applications in data science},
  author={Vershynin, Roman},
  volume={47},
  year={2018},
  publisher={Cambridge University Press}
}

@article{tropp2015introduction,
  title={An introduction to matrix concentration inequalities},
  author={Tropp, Joel A and others},
  journal={Foundations and Trends{\textregistered} in Machine Learning},
  volume={8},
  number={1-2},
  pages={1--230},
  year={2015},
  publisher={Now Publishers, Inc.}
}

@article{fletcher1987practical,
  title={Practical Methods of Optimization},
  author={Fletcher, R},
  year={1987},
  publisher={John Wiley$\backslash$\& Sons, Inc.}
}

@article{fletcher1991new,
  title={A new variational result for quasi-Newton formulae},
  author={Fletcher, Roger},
  journal={SIAM Journal on Optimization},
  volume={1},
  number={1},
  pages={18--21},
  year={1991},
  publisher={SIAM}
}

@inproceedings{mirrokni2017tight,
  title={Tight Bounds for Approximate Carath{\'e}odory and Beyond},
  author={Mirrokni, Vahab and Leme, Renato Paes and Vladu, Adrian and Wong, Sam Chiu-wai},
  booktitle={International Conference on Machine Learning},
  pages={2440--2448},
  year={2017}
}

@article{wibisono2018sampling,
  title={Sampling as optimization in the space of measures: The Langevin dynamics as a composite optimization problem},
  author={Wibisono, Andre},
  journal={arXiv preprint arXiv:1802.08089},
  year={2018}
}

@article{cohen2018solving,
  title={Solving Linear Programs in the Current Matrix Multiplication Time},
  author={Cohen, Michael B and Lee, Yin Tat and Song, Zhao},
  journal={arXiv preprint arXiv:1810.07896},
  year={2018}
}

@inproceedings{lee2018stochastic,
  title={Stochastic localization+ Stieltjes barrier= tight bound for log-Sobolev},
  author={Lee, Yin Tat and Vempala, Santosh S},
  booktitle={Proceedings of the 50th Annual ACM SIGACT Symposium on Theory of Computing},
  pages={1122--1129},
  year={2018},
  organization={ACM}
}

@article{bubeck2017homotopy,
  title={An homotopy method for lp regression provably beyond self-concordance and in input-sparsity time},
  author={Bubeck, S{\'e}bastien and Cohen, Michael B and Lee, Yin Tat and Li, Yuanzhi},
  journal={arXiv preprint arXiv:1711.01328},
  year={2017}
}

@article{o2015adaptive,
  title={Adaptive restart for accelerated gradient schemes},
  author={Odonoghue, Brendan and Candes, Emmanuel},
  journal={Foundations of computational mathematics},
  volume={15},
  number={3},
  pages={715--732},
  year={2015},
  publisher={Springer}
}

@article{sachdeva2014faster,
  title={Faster algorithms via approximation theory},
  author={Sachdeva, Sushant and Vishnoi, Nisheeth K and others},
  journal={Foundations and Trends{\textregistered} in Theoretical Computer Science},
  volume={9},
  number={2},
  pages={125--210},
  year={2014},
  publisher={Now Publishers, Inc.}
}

@article{trefethen2014exponentially,
  title={The exponentially convergent trapezoidal rule},
  author={Trefethen, Lloyd N and Weideman, JAC},
  journal={SIAM Review},
  volume={56},
  number={3},
  pages={385--458},
  year={2014},
  publisher={SIAM}
}

@article{lee2017convergence,
  title={Convergence Rate of Riemannian Hamiltonian Monte Carlo and Faster Polytope Volume Computation},
  author={Lee, Yin Tat and Vempala, Santosh S},
  journal={arXiv preprint arXiv:1710.06261},
  year={2017}
}

@book{iserles2009first,
  title={A first course in the numerical analysis of differential equations},
  author={Iserles, Arieh},
  number={44},
  year={2009},
  publisher={Cambridge university press}
}

@article{xu1996simplified,
  title={A simplified homogeneous and self-dual linear programming algorithm and its implementation},
  author={Xu, Xiaojie and Hung, Pi-Fang and Ye, Yinyu},
  journal={Annals of Operations Research},
  volume={62},
  number={1},
  pages={151--171},
  year={1996},
  publisher={Springer}
}

@article{mut2014tight,
  title={A tight iteration-complexity upper bound for the MTY predictor-corrector algorithm via redundant Klee-Minty cubes},
  author={Mut, Murat and Terlaky, Tam{\'a}s},
  year={2014}
}

@article{andersen1999exploiting,
  title={On exploiting problem structure in a basis identification procedure for linear programming},
  author={Andersen, Erling D},
  journal={INFORMS Journal on Computing},
  volume={11},
  number={1},
  pages={95--103},
  year={1999},
  publisher={INFORMS}
}

@book{wright1997primal,
  title={Primal-dual interior-point methods},
  author={Wright, Stephen J},
  year={1997},
  publisher={Siam}
}

@inproceedings{cohen2017input,
  title={Input sparsity time low-rank approximation via ridge leverage score sampling},
  author={Cohen, Michael B and Musco, Cameron and Musco, Christopher},
  booktitle={Proceedings of the Twenty-Eighth Annual ACM-SIAM Symposium on Discrete Algorithms},
  pages={1758--1777},
  year={2017},
  organization={SIAM}
}

@inproceedings{kyng2016approximate,
  title={Approximate gaussian elimination for laplacians-fast, sparse, and simple},
  author={Kyng, Rasmus and Sachdeva, Sushant},
  booktitle={Foundations of Computer Science (FOCS), 2016 IEEE 57th Annual Symposium on},
  pages={573--582},
  year={2016},
  organization={IEEE}
}

@article{lee2015sparsified,
  title={Sparsified cholesky solvers for SDD linear systems},
  author={Lee, Yin Tat and Peng, Richard and Spielman, Daniel A},
  journal={arXiv preprint arXiv:1506.08204},
  year={2015}
}

@article{lipton1979generalized,
  title={Generalized nested dissection},
  author={Lipton, Richard J and Rose, Donald J and Tarjan, Robert Endre},
  journal={SIAM journal on numerical analysis},
  volume={16},
  number={2},
  pages={346--358},
  year={1979},
  publisher={SIAM}
}

@article{fahrbach2017computing,
  title={On Computing Min-Degree Elimination Orderings},
  author={Fahrbach, Matthew and Miller, Gary L and Peng, Richard and Sawlani, Saurabh and Wang, Junxing and Xu, Shen Chen},
  journal={arXiv preprint arXiv:1711.08446},
  year={2017}
}

@article{karypis1995metis,
  title={METIS--unstructured graph partitioning and sparse matrix ordering system, version 2.0},
  author={Karypis, George and Kumar, Vipin},
  year={1995},
  publisher={Citeseer}
}

@incollection{agrawal1993cutting,
  title={Cutting down on fill using nested dissection: provably good elimination orderings},
  author={Agrawal, Ajit and Klein, Philip and Ravi, R},
  booktitle={Graph Theory and Sparse Matrix Computation},
  pages={31--55},
  year={1993},
  publisher={Springer}
}

@article{gilbert1984separator,
  title={A separator theorem for chordal graphs},
  author={Gilbert, John R and Rose, Donald J and Edenbrandt, Anders},
  journal={SIAM Journal on Algebraic Discrete Methods},
  volume={5},
  number={3},
  pages={306--313},
  year={1984},
  publisher={SIAM}
}

@book{davis2006direct,
  title={Direct methods for sparse linear systems},
  author={Davis, Timothy A},
  volume={2},
  year={2006},
  publisher={Siam}
}

@article{woodruff2014sketching,
  title={Sketching as a tool for numerical linear algebra},
  author={Woodruff, David P and others},
  journal={Foundations and Trends{\textregistered} in Theoretical Computer Science},
  volume={10},
  number={1--2},
  pages={1--157},
  year={2014},
  publisher={Now Publishers, Inc.}
}

@inproceedings{cohen2018simple,
  title={Simple Analyses of the Sparse Johnson-Lindenstrauss Transform},
  author={Cohen, Michael B and Jayram, TS and Nelson, Jelani},
  booktitle={OASIcs-OpenAccess Series in Informatics},
  volume={61},
  year={2018},
  organization={Schloss Dagstuhl-Leibniz-Zentrum fuer Informatik}
}

@article{kyng2017hardness,
  title={Hardness results for structured linear systems},
  author={Kyng, Rasmus and Zhang, Peng},
  journal={arXiv preprint arXiv:1705.02944},
  year={2017}
}

@article{chan1996conjugate,
  title={Conjugate gradient methods for Toeplitz systems},
  author={Chan, Raymond H and Ng, Michael K},
  journal={SIAM review},
  volume={38},
  number={3},
  pages={427--482},
  year={1996},
  publisher={SIAM}
}

@article{axelsson1986rate,
  title={On the rate of convergence of the preconditioned conjugate gradient method},
  author={Axelsson, Owe and Lindskog, Gunhild},
  journal={Numerische Mathematik},
  volume={48},
  number={5},
  pages={499--523},
  year={1986},
  publisher={Springer}
}


@article{dyer1991random,
  title={A random polynomial-time algorithm for approximating the volume of convex bodies},
  author={Dyer, Martin and Frieze, Alan and Kannan, Ravi},
  journal={Journal of the ACM (JACM)},
  volume={38},
  number={1},
  pages={1--17},
  year={1991},
  publisher={ACM}
}

@inproceedings{allen2016optimal,
  title={Optimal black-box reductions between optimization objectives},
  author={Allen-Zhu, Zeyuan and Hazan, Elad},
  booktitle={Advances in Neural Information Processing Systems},
  pages={1614--1622},
  year={2016}
}

@article{kang2015flow,
  title={Flow rounding},
  author={Kang, Donggu and Payor, James},
  journal={arXiv preprint arXiv:1507.08139},
  year={2015}
}

@inproceedings{khachiyan1988inscribed,
  title={The inscribed ellipsoid method},
  author={Khachiyan, L and Tarasov, S and Erlich, E},
  booktitle={Soviet Math. Dokl},
  volume={298},
  year={1988}
}

@article{bubeck2016black,
  title={Black-box optimization with a politician},
  author={Bubeck, S{\'e}bastien and Lee, Yin-Tat},
  journal={arXiv preprint arXiv:1602.04847},
  year={2016}
}

@inproceedings{chen2017geometric,
  title={Geometric descent method for convex composite minimization},
  author={Chen, Shixiang and Ma, Shiqian and Liu, Wei},
  booktitle={Advances in Neural Information Processing Systems},
  pages={636--644},
  year={2017}
}

@article{khachiyan1996rounding,
  title={Rounding of polytopes in the real number model of computation},
  author={Khachiyan, Leonid G},
  journal={Mathematics of Operations Research},
  volume={21},
  number={2},
  pages={307--320},
  year={1996},
  publisher={INFORMS}
}

@article{karimi2017single,
  title={A single potential governing convergence of conjugate gradient, accelerated gradient and geometric descent},
  author={Karimi, Sahar and Vavasis, Stephen},
  journal={arXiv preprint arXiv:1712.09498},
  year={2017}
}

@article{drusvyatskiy2016optimal,
  title={An optimal first order method based on optimal quadratic averaging},
  author={Drusvyatskiy, Dmitriy and Fazel, Maryam and Roy, Scott},
  journal={arXiv preprint arXiv:1604.06543},
  year={2016}
}

@article{kumar2005minimum,
  title={Minimum-volume enclosing ellipsoids and core sets},
  author={Kumar, Piyush and Yildirim, E Alper},
  journal={Journal of Optimization Theory and Applications},
  volume={126},
  number={1},
  pages={1--21},
  year={2005},
  publisher={Springer}
}

@article{spielman2013local,
  title={A local clustering algorithm for massive graphs and its application to nearly linear time graph partitioning},
  author={Spielman, Daniel A and Teng, Shang-Hua},
  journal={SIAM Journal on Computing},
  volume={42},
  number={1},
  pages={1--26},
  year={2013},
  publisher={SIAM}
}

@article{bubeck2016kernel,
  title={Kernel-based methods for bandit convex optimization},
  author={Bubeck, S{\'e}bastien and Eldan, Ronen and Lee, Yin Tat},
  journal={arXiv preprint arXiv:1607.03084},
  year={2016}
}

@inproceedings{teng2010laplacian,
  title={The Laplacian paradigm: Emerging algorithms for massive graphs},
  author={Teng, Shang-Hua},
  booktitle={International Conference on Theory and Applications of Models of Computation},
  pages={2--14},
  year={2010},
  organization={Springer}
}

@inproceedings{lovasz1990mixing,
  title={The mixing rate of Markov chains, an isoperimetric inequality, and computing the volume},
  author={Lov{\'a}sz, L{\'a}szl{\'o} and Simonovits, Mikl{\'o}s},
  booktitle={Foundations of Computer Science, 1990. Proceedings., 31st Annual Symposium on},
  pages={346--354},
  year={1990},
  organization={IEEE}
}

@inproceedings{applegate1991sampling,
  author    = {David Applegate and
               Ravi Kannan},
  title     = {Sampling and Integration of Near Log-Concave functions},
  booktitle = {Proceedings of the 23rd Annual {ACM} Symposium on Theory of Computing,
               May 5-8, 1991, New Orleans, Louisiana, {USA}},
  pages     = {156--163},
  year      = {1991},
  url       = {http://doi.acm.org/10.1145/103418.103439},
  doi       = {10.1145/103418.103439},
  timestamp = {Mon, 17 Oct 2011 17:25:06 +0200},
  biburl    = {http://dblp.uni-trier.de/rec/bib/conf/stoc/ApplegateK91},
  bibsource = {dblp computer science bibliography, http://dblp.org}
}

@book{lovasz1991compute,
  title={How to compute the volume?},
  author={Lov{\'a}sz, L{\'a}szl{\'o}},
  year={1991},
  publisher={DIMACS, Center for Discrete Mathematics and Theoretical Computer Science}
}

@article{dyer1991computing,
  title={Computing the volume of convex bodies: a case where randomness provably helps},
  author={Dyer, Martin and Frieze, Alan},
  journal={Probabilistic combinatorics and its applications},
  volume={44},
  pages={123--170},
  year={1991},
  publisher={Proceedings of Symposia in Applied Mathematics}
}

@article{lovasz1993random,
  title={Random walks in a convex body and an improved volume algorithm},
  author={Lov{\'a}sz, L{\'a}szl{\'o} and Simonovits, Mikl{\'o}s},
  journal={Random structures \& algorithms},
  volume={4},
  number={4},
  pages={359--412},
  year={1993},
  publisher={Wiley Online Library}
}

@article{kannan1997random,
  title={Random walks and an o*(n5) volume algorithm for convex bodies},
  author={Kannan, Ravi and Lov{\'a}sz, L{\'a}szl{\'o} and Simonovits, Mikl{\'o}s},
  journal={Random structures and algorithms},
  volume={11},
  number={1},
  pages={1--50},
  year={1997}
}

@article{lovasz2006simulated,
  title={Simulated annealing in convex bodies and an O*(n4) volume algorithm},
  author={Lov{\'a}sz, L{\'a}szl{\'o} and Vempala, Santosh},
  journal={Journal of Computer and System Sciences},
  volume={72},
  number={2},
  pages={392--417},
  year={2006},
  publisher={Elsevier}
}


@article{vempala2005geometric,
  title={Geometric random walks: a survey},
  author={Vempala, Santosh},
  journal={Combinatorial and computational geometry},
  volume={52},
  number={573-612},
  pages={2},
  year={2005}
}

@article{eldan2011approximately,
  title={Approximately gaussian marginals and the hyperplane conjecture},
  author={Eldan, Ronen and Klartag, Bo'az},
  journal={Concentration, functional inequalities and isoperimetry},
  volume={545},
  pages={55--68},
  year={2011}
}

@article{cheeger1970lower,
  title={A lower bound for the smallest eigenvalue of the Laplacian},
  author={Cheeger, Jeff},
  journal={Problems in analysis},
  pages={195--199},
  year={1970},
  publisher={Princeton Univ. Press}
}


@inproceedings{maz1960classes,
  title={Classes of domains and imbedding theorems for function spaces},
  author={Maz{\'y}a, VG},
  booktitle={Soviet Math. Dokl},
  volume={1},
  pages={882--885},
  year={1960}
}

@article{anttila2003central,
  title={The central limit problem for convex bodies},
  author={Anttila, Milla and Ball, Keith and Perissinaki, Irini},
  journal={Transactions of the American Mathematical Society},
  volume={355},
  number={12},
  pages={4723--4735},
  year={2003}
}

@inproceedings{lee2016eldan,
  title={Eldan's Stochastic Localization and the KLS Hyperplane Conjecture: An Improved Lower Bound for Expansion},
  author={Lee, Yin Tat and Vempala, Santosh},
  booktitle={Foundations of Computer Science (FOCS), 2017 IEEE 58th Annual Symposium on},
  year={2017},
  organization={IEEE}
}

@article{eldan2013thin,
  title={Thin shell implies spectral gap up to polylog via a stochastic localization scheme},
  author={Eldan, Ronen},
  journal={Geometric and Functional Analysis},
  volume={23},
  number={2},
  pages={532--569},
  year={2013},
  publisher={Springer}
}

@article{guedon2011interpolating,
  title={Interpolating thin-shell and sharp large-deviation estimates for lsotropic log-concave measures},
  author={Gu{\'e}don, Olivier and Milman, Emanuel},
  journal={Geometric and Functional Analysis},
  volume={21},
  number={5},
  pages={1043--1068},
  year={2011},
  publisher={Springer}
}

@article{klartag2006convex,
  title={On convex perturbations with a bounded isotropic constant},
  author={Klartag, Bo'az},
  journal={Geometric \& Functional Analysis GAFA},
  volume={16},
  number={6},
  pages={1274--1290},
  year={2006},
  publisher={Springer}
}

@incollection{bourgain1991distribution,
  title={On the distribution of polynomials on high dimensional convex sets},
  author={Bourgain, Jean},
  booktitle={Geometric aspects of functional analysis},
  pages={127--137},
  year={1991},
  publisher={Springer}
}

@book{brazitikos2014geometry,
  title={Geometry of isotropic convex bodies},
  author={Brazitikos, Silouanos and Giannopoulos, Apostolos and Valettas, Petros and Vritsiou, Beatrice-Helen},
  volume={196},
  year={2014},
  publisher={American Mathematical Society Providence}
}

@book{alonso2015approaching,
  title={Approaching the Kannan-Lov{\'a}sz-Simonovits and variance conjectures},
  author={Alonso-Guti{\'e}rrez, David and Bastero, Jes{\'u}s},
  volume={2131},
  year={2015},
  publisher={Springer}
}

@article{artstein2015asymptotic,
  title={Asymptotic geometric analysis, Part I},
  author={Artstein-Avidan, Shiri and Giannopoulos, Apostolos and Milman, Vitali D},
  journal={Mathematical Surveys and Monographs},
  volume={202},
  year={2015}
}

@article{klartag2007central,
  title={A central limit theorem for convex sets},
  author={Klartag, Bo'az},
  journal={Inventiones mathematicae},
  volume={168},
  number={1},
  pages={91--131},
  year={2007},
  publisher={Springer}
}

@article{fleury2007stability,
  title={A stability result for mean width of Lp-centroid bodies},
  author={Fleury, Bruno and Gu{\'e}don, Olivier and Paouris, Grigoris},
  journal={Advances in Mathematics},
  volume={214},
  number={2},
  pages={865--877},
  year={2007},
  publisher={Elsevier}
}

@article{klartag2007power,
  title={Power-law estimates for the central limit theorem for convex sets},
  author={Klartag, B},
  journal={Journal of Functional Analysis},
  volume={245},
  number={1},
  pages={284--310},
  year={2007},
  publisher={Elsevier}
}

@article{fleury2010concentration,
  title={Concentration in a thin Euclidean shell for log-concave measures},
  author={Fleury, Bruno},
  journal={Journal of Functional Analysis},
  volume={259},
  number={4},
  pages={832--841},
  year={2010},
  publisher={Elsevier}
}

@inproceedings{bubeck2015entropic,
  author    = {S{\'{e}}bastien Bubeck and
               Ronen Eldan},
  title     = {The entropic barrier: a simple and optimal universal self-concordant
               barrier},
  booktitle = {Proceedings of The 28th Conference on Learning Theory, {COLT} 2015,
               Paris, France, July 3-6, 2015},
  pages     = {279},
  year      = {2015},
  url       = {http://jmlr.org/proceedings/papers/v40/Bubeck15b.html},
  timestamp = {Tue, 12 Jul 2016 21:51:13 +0200},
  biburl    = {http://dblp.uni-trier.de/rec/bib/conf/colt/BubeckE15},
  bibsource = {dblp computer science bibliography, http://dblp.org}
}

@inproceedings{abernethy2016faster,
  author    = {Jacob D. Abernethy and
               Elad Hazan},
  title     = {Faster Convex Optimization: Simulated Annealing with an Efficient
               Universal Barrier},
  booktitle = {Proceedings of the 33nd International Conference on Machine Learning,
               {ICML} 2016, New York City, NY, USA, June 19-24, 2016},
  pages     = {2520--2528},
  year      = {2016},
  url       = {http://jmlr.org/proceedings/papers/v48/abernethy16.html},
  timestamp = {Tue, 12 Jul 2016 21:51:16 +0200},
  biburl    = {http://dblp.uni-trier.de/rec/bib/conf/icml/AbernethyH16},
  bibsource = {dblp computer science bibliography, http://dblp.org}
}

@inproceedings{lee2015constructing,
  title={Constructing linear-sized spectral sparsification in almost-linear time},
  author={Lee, Yin Tat and Sun, He},
  booktitle={Foundations of Computer Science (FOCS), 2015 IEEE 56th Annual Symposium on},
  pages={250--269},
  year={2015},
  organization={IEEE}
}

@article{lee2017sdp,
  title={An SDP-based algorithm for linear-sized spectral sparsification},
  author={Lee, Yin Tat and Sun, He},
  journal={arXiv preprint arXiv:1702.08415},
  year={2017}
}


@article{lovett2015constructive,
  title={Constructive discrepancy minimization by walking on the edges},
  author={Lovett, Shachar and Meka, Raghu},
  journal={SIAM Journal on Computing},
  volume={44},
  number={5},
  pages={1573--1582},
  year={2015},
  publisher={SIAM}
}

@inproceedings{bansal2016algorithm,
  title={An Algorithm for Koml{\'o}s Conjecture Matching Banaszczyk's Bound},
  author={Bansal, Nikhil and Dadush, Daniel and Garg, Shashwat},
  booktitle={Foundations of Computer Science (FOCS), 2016 IEEE 57th Annual Symposium on},
  pages={788--799},
  year={2016},
  organization={IEEE}
}

@article{bansal2016algorithmic,
  title={Algorithmic Discrepancy Beyond Partial Coloring},
  author={Bansal, Nikhil and Garg, Shashwat},
  journal={arXiv preprint arXiv:1611.01805},
  year={2016}
}

@article{lee2016geodesic,
  title={Geodesic Walks in Polytopes},
  author={Lee, Yin Tat and Vempala, Santosh S},
  journal={arXiv preprint arXiv:1606.04696},
  year={2016}
}

@book{nesterov1994interior,
  title={Interior-point polynomial algorithms in convex programming},
  author={Nesterov, Yurii and Nemirovskii, Arkadii},
  year={1994},
  publisher={SIAM}
}

@article{hildebrand2014canonical,
  title={Canonical barriers on convex cones},
  author={Hildebrand, Roland},
  journal={Mathematics of operations research},
  volume={39},
  number={3},
  pages={841--850},
  year={2014},
  publisher={INFORMS}
}

@inproceedings{lee2014path,
  title={Path finding methods for linear programming: Solving linear programs in O(sqrt(rank)) iterations and faster algorithms for maximum flow},
  author={Lee, Yin Tat and Sidford, Aaron},
  booktitle={Foundations of Computer Science (FOCS), 2014 IEEE 55th Annual Symposium on},
  pages={424--433},
  year={2014},
  organization={IEEE}
}

@article{karmarkar1990riemannian,
  title={Riemannian geometry underlying interior-point methods for linear programming},
  author={Karmarkar, Narendra},
  journal={Contemporary Mathematics},
  volume={114},
  pages={51--75},
  year={1990}
}

@article{mil1975approximate,
  title={Approximate integration of stochastic differential equations},
  author={Mil{\'s}htejn, GN},
  journal={Theory of Probability \& Its Applications},
  volume={19},
  number={3},
  pages={557--562},
  year={1975},
  publisher={SIAM}
}

@article{kannan2012random,
  title={Random walks on polytopes and an affine interior point method for linear programming},
  author={Kannan, Ravindran and Narayanan, Hariharan},
  journal={Mathematics of Operations Research},
  volume={37},
  number={1},
  pages={1--20},
  year={2012},
  publisher={INFORMS}
}

@article{ohta2015needle,
  title={Needle decompositions and isoperimetric inequalities in Finsler geometry},
  author={Ohta, Shin-ichi},
  journal={arXiv preprint arXiv:1506.05876},
  year={2015}
}

@book{klartag2017needle,
  title={Needle decompositions in Riemannian geometry},
  author={Klartag, Bo'az},
  volume={249},
  number={1180},
  year={2017},
  publisher={American Mathematical Society}
}

@article{girolami2011riemann,
  title={Riemann manifold langevin and hamiltonian monte carlo methods},
  author={Girolami, Mark and Calderhead, Ben},
  journal={Journal of the Royal Statistical Society: Series B (Statistical Methodology)},
  volume={73},
  number={2},
  pages={123--214},
  year={2011},
  publisher={Wiley Online Library}
}

@article{nemirovskii1983problem,
  title={Problem complexity and method efficiency in optimization},
  author={Nemirovskii, Arkadii and Yudin, David Borisovich},
  year={1983},
  publisher={Wiley}
}

@inproceedings{levin1965algorithm,
  title={On an algorithm for the minimization of convex functions},
  author={Levin, A Yu},
  booktitle={Soviet Mathematics Doklady},
  volume={160},
  pages={1244--1247},
  year={1965}
}

@article{newman1965location,
  title={Location of the maximum on unimodal surfaces},
  author={Newman, Donald J},
  journal={Journal of the ACM (JACM)},
  volume={12},
  number={3},
  pages={395--398},
  year={1965},
  publisher={ACM}
}

@inproceedings{nesterov1983method,
  title={A method of solving a convex programming problem with convergence rate O (1/k2)},
  author={Nesterov, Yurii},
  booktitle={Soviet Mathematics Doklady},
  volume={27},
  number={2},
  pages={372--376},
  year={1983}
}

@article{nemirovski1982orth,
  title={Orth-method for smooth convex optimization},
  author={Nemirovski, Arkadi},
  journal={Izvestia AN SSSR, Transl.: Eng. Cybern. Soviet J. Comput. Syst. Sci},
  volume={2},
  pages={937--947},
  year={1982}
}


@article{allen2014linear,
  title={Linear coupling: An ultimate unification of gradient and mirror descent},
  author={Allen-Zhu, Zeyuan and Orecchia, Lorenzo},
  journal={arXiv preprint arXiv:1407.1537},
  year={2014}
}

@article{lessard2016analysis,
  title={Analysis and design of optimization algorithms via integral quadratic constraints},
  author={Lessard, Laurent and Recht, Benjamin and Packard, Andrew},
  journal={SIAM Journal on Optimization},
  volume={26},
  number={1},
  pages={57--95},
  year={2016},
  publisher={SIAM}
}

@inproceedings{su2014differential,
  title={A differential equation for modeling Nesterov's accelerated gradient method: Theory and insights},
  author={Su, Weijie and Boyd, Stephen and Candes, Emmanuel},
  booktitle={Advances in Neural Information Processing Systems},
  pages={2510--2518},
  year={2014}
}

@inproceedings{flammarion2015averaging,
  title={From averaging to acceleration, there is only a step-size},
  author={Flammarion, Nicolas and Bach, Francis},
  booktitle={Conference on Learning Theory},
  pages={658--695},
  year={2015}
}

@article{wibisono2016variational,
  title={A variational perspective on accelerated methods in optimization},
  author={Wibisono, Andre and Wilson, Ashia C and Jordan, Michael I},
  journal={Proceedings of the National Academy of Sciences},
  pages={201614734},
  year={2016},
  publisher={National Acad Sciences}
}

@inproceedings{shalev2014accelerated,
  title={Accelerated proximal stochastic dual coordinate ascent for regularized loss minimization.},
  author={Shalev-Shwartz, Shai and Zhang, Tong},
  booktitle={ICML},
  pages={64--72},
  year={2014}
}

@inproceedings{lin2014accelerated,
  title={An accelerated proximal coordinate gradient method},
  author={Lin, Qihang and Lu, Zhaosong and Xiao, Lin},
  booktitle={Advances in Neural Information Processing Systems},
  pages={3059--3067},
  year={2014}
}

@inproceedings{zhang2015stochastic,
  title={Stochastic Primal-Dual Coordinate Method for Regularized Empirical Risk Minimization.},
  author={Zhang, Yuchen and Lin, Xiao},
  booktitle={ICML},
  pages={353--361},
  year={2015}
}

@inproceedings{lee2015faster,
  title={A faster cutting plane method and its implications for combinatorial and convex optimization},
  author={Lee, Yin Tat and Sidford, Aaron and Wong, Sam Chiu-wai},
  booktitle={Foundations of Computer Science (FOCS), 2015 IEEE 56th Annual Symposium on},
  pages={1049--1065},
  year={2015},
  organization={IEEE}
}

@book{grotschel2012geometric,
  title={Geometric algorithms and combinatorial optimization},
  author={Gr{\"o}tschel, Martin and Lov{\'a}sz, L{\'a}szl{\'o} and Schrijver, Alexander},
  volume={2},
  year={1988},
  publisher={Algorithms and Combinatorics}
}

@InProceedings{Bubeck2016,
  author    = {S{\'{e}}bastien Bubeck and Yin Tat Lee},
  title     = {Black-box Optimization with a Politician},
  booktitle = {Proceedings of the 33nd International Conference on Machine Learning, {ICML} 2016, New York City, NY, USA, June 19-24, 2016},
  year      = {2016},
  pages     = {1624--1631},
  bibsource = {dblp computer science bibliography, http://dblp.org},
  biburl    = {http://dblp.uni-trier.de/rec/bib/conf/icml/BubeckL16},
  timestamp = {Tue, 12 Jul 2016 21:51:16 +0200},
  url       = {http://jmlr.org/proceedings/papers/v48/bubeck16.html},
}

@article{bubeck2015geometric,
  title={A geometric alternative to Nesterov's accelerated gradient descent},
  author={Bubeck, S{\'e}bastien and Lee, Yin Tat and Singh, Mohit},
  journal={arXiv preprint arXiv:1506.08187},
  year={2015}
}

@inproceedings{basu2016centerpoints,
  title={Centerpoints: A link between optimization and convex geometry},
  author={Basu, Amitabh and Oertel, Timm},
  booktitle={International Conference on Integer Programming and Combinatorial Optimization},
  pages={14--25},
  year={2016},
  organization={Springer}
}

@article{arora2012multiplicative,
  title={The Multiplicative Weights Update Method: a Meta-Algorithm and Applications.},
  author={Arora, Sanjeev and Hazan, Elad and Kale, Satyen},
  journal={Theory of Computing},
  volume={8},
  number={1},
  pages={121--164},
  year={2012}
}

@inproceedings{allen2016exploiting,
  title={Exploiting the structure: Stochastic gradient methods using raw clusters},
  author={Allen-Zhu, Zeyuan and Yuan, Yang and Sridharan, Karthik},
  booktitle={Advances in Neural Information Processing Systems},
  pages={1642--1650},
  year={2016}
}

@article{edelman1988eigenvalues,
  title={Eigenvalues and condition numbers of random matrices},
  author={Edelman, Alan},
  journal={SIAM Journal on Matrix Analysis and Applications},
  volume={9},
  number={4},
  pages={543--560},
  year={1988},
  publisher={SIAM}
}

@inproceedings{lee2016optimizing,
  title={Optimizing star-convex functions},
  author={Lee, Jasper CH and Valiant, Paul},
  booktitle={Foundations of Computer Science (FOCS), 2016 IEEE 57th Annual Symposium on},
  pages={603--614},
  year={2016},
  organization={IEEE}
}

@article{jin2017escape,
  title={How to Escape Saddle Points Efficiently},
  author={Jin, Chi and Ge, Rong and Netrapalli, Praneeth and Kakade, Sham M and Jordan, Michael I},
  journal={arXiv preprint arXiv:1703.00887},
  year={2017}
}

@article{nesterov1998introductory,
  title={Introductory Lectures on Convex Programming Volume I: Basic course},
  author={Nesterov, Yu},
  journal={Lecture notes},
  year={1998},
  publisher={Citeseer}
}

@inproceedings{ge2015escaping,
  title={Escaping From Saddle Points-Online Stochastic Gradient for Tensor Decomposition.},
  author={Ge, Rong and Huang, Furong and Jin, Chi and Yuan, Yang},
  booktitle={COLT},
  pages={797--842},
  year={2015}
}

@article{carmon2016accelerated,
  title={Accelerated methods for non-convex optimization},
  author={Carmon, Yair and Duchi, John C and Hinder, Oliver and Sidford, Aaron},
  journal={arXiv preprint arXiv:1611.00756},
  year={2016}
}

@inproceedings{hazan2016graduated,
  title={On graduated optimization for stochastic non-convex problems},
  author={Hazan, Elad and Levy, Kfir Yehuda and Shalev-Shwartz, Shai},
  booktitle={International Conference on Machine Learning},
  pages={1833--1841},
  year={2016}
}


@article{zhang2017hitting,
  title={A Hitting Time Analysis of Stochastic Gradient Langevin Dynamics},
  author={Zhang, Yuchen and Liang, Percy and Charikar, Moses},
  journal={arXiv preprint arXiv:1702.05575},
  year={2017}
}

@article{mangoubi2016rapid,
  title={Rapid Mixing of Geodesic Walks on Manifolds with Positive Curvature},
  author={Mangoubi, Oren and Smith, Aaron},
  journal={arXiv preprint arXiv:1609.02901},
  year={2016}
}

@article{gershkoff1989optimizing,
  title={Optimizing flight crew schedules},
  author={Gershkoff, Ira},
  journal={Interfaces},
  volume={19},
  number={4},
  pages={29--43},
  year={1989},
  publisher={INFORMS}
}

@article{bixby1992very,
  title={Very large-scale linear programming: A case study in combining interior point and simplex methods},
  author={Bixby, Robert E and Gregory, John W and Lustig, Irvin J and Marsten, Roy E and Shanno, David F},
  journal={Operations Research},
  volume={40},
  number={5},
  pages={885--897},
  year={1992},
  publisher={INFORMS}
}

@article{goldberg1998beyond,
  title={Beyond the flow decomposition barrier},
  author={Goldberg, Andrew V and Rao, Satish},
  journal={Journal of the ACM (JACM)},
  volume={45},
  number={5},
  pages={783--797},
  year={1998},
  publisher={ACM}
}

@inproceedings{allen2015nearly,
  author    = {Zeyuan {Allen Zhu} and
               Lorenzo Orecchia},
  title     = {Nearly-Linear Time Positive {LP} Solver with Faster Convergence Rate},
  booktitle = {Proceedings of the Forty-Seventh Annual {ACM} on Symposium on Theory
               of Computing, {STOC} 2015, Portland, OR, USA, June 14-17, 2015},
  pages     = {229--236},
  year      = {2015},
  url       = {http://doi.acm.org/10.1145/2746539.2746573},
  doi       = {10.1145/2746539.2746573},
  timestamp = {Wed, 10 Jun 2015 17:20:57 +0200},
  biburl    = {http://dblp.uni-trier.de/rec/bib/conf/stoc/ZhuO15},
  bibsource = {dblp computer science bibliography, http://dblp.org}
}

@inproceedings{daitch2008faster,
  author    = {Samuel I. Daitch and
               Daniel A. Spielman},
  title     = {Faster approximate lossy generalized flow via interior point algorithms},
  booktitle = {Proceedings of the 40th Annual {ACM} Symposium on Theory of Computing,
               Victoria, British Columbia, Canada, May 17-20, 2008},
  pages     = {451--460},
  year      = {2008},
  url       = {http://doi.acm.org/10.1145/1374376.1374441},
  doi       = {10.1145/1374376.1374441},
  timestamp = {Sat, 19 Jun 2010 14:44:24 +0200},
  biburl    = {http://dblp.uni-trier.de/rec/bib/conf/stoc/DaitchS08},
  bibsource = {dblp computer science bibliography, http://dblp.org}
}

@inproceedings{christiano2011electrical,
  author    = {Paul Christiano and
               Jonathan A. Kelner and
               Aleksander Madry and
               Daniel A. Spielman and
               Shang{-}Hua Teng},
  title     = {Electrical flows, laplacian systems, and faster approximation of maximum
               flow in undirected graphs},
  booktitle = {Proceedings of the 43rd {ACM} Symposium on Theory of Computing, {STOC}
               2011, San Jose, CA, USA, 6-8 June 2011},
  pages     = {273--282},
  year      = {2011},
  url       = {http://doi.acm.org/10.1145/1993636.1993674},
  doi       = {10.1145/1993636.1993674},
  timestamp = {Tue, 22 May 2012 21:36:56 +0200},
  biburl    = {http://dblp.uni-trier.de/rec/bib/conf/stoc/ChristianoKMST11},
  bibsource = {dblp computer science bibliography, http://dblp.org}
}

@inproceedings{lee2013new,
  title={A new approach to computing maximum flows using electrical flows},
  author={Lee, Yin Tat and Rao, Satish and Srivastava, Nikhil},
  booktitle={Proceedings of the forty-fifth annual ACM symposium on Theory of computing},
  pages={755--764},
  year={2013},
  organization={ACM}
}

@inproceedings{sherman2013nearly,
  title={Nearly maximum flows in nearly linear time},
  author={Sherman, Jonah},
  booktitle={Foundations of Computer Science (FOCS), 2013 IEEE 54th Annual Symposium on},
  pages={263--269},
  year={2013},
  organization={IEEE}
}

@inproceedings{kelner2014almost,
  title={An almost-linear-time algorithm for approximate max flow in undirected graphs, and its multicommodity generalizations},
  author={Kelner, Jonathan A and Lee, Yin Tat and Orecchia, Lorenzo and Sidford, Aaron},
  booktitle={Proceedings of the Twenty-Fifth Annual ACM-SIAM Symposium on Discrete Algorithms},
  pages={217--226},
  year={2014},
  organization={SIAM}
}

@inproceedings{spielman2004nearly,
  author    = {Daniel A. Spielman and
               Shang{-}Hua Teng},
  title     = {Nearly-linear time algorithms for graph partitioning, graph sparsification,
               and solving linear systems},
  booktitle = {Proceedings of the 36th Annual {ACM} Symposium on Theory of Computing,
               Chicago, IL, USA, June 13-16, 2004},
  pages     = {81--90},
  year      = {2004},
  url       = {http://doi.acm.org/10.1145/1007352.1007372},
  doi       = {10.1145/1007352.1007372},
  timestamp = {Wed, 15 Feb 2006 09:55:49 +0100},
  biburl    = {http://dblp.uni-trier.de/rec/bib/conf/stoc/SpielmanT04},
  bibsource = {dblp computer science bibliography, http://dblp.org}
}

@inproceedings{madry2010fast,
  title={Fast approximation algorithms for cut-based problems in undirected graphs},
  author={Madry, Aleksander},
  booktitle={Foundations of Computer Science (FOCS), 2010 51st Annual IEEE Symposium on},
  pages={245--254},
  year={2010},
  organization={IEEE}
}

@inproceedings{racke2014computing,
  title={Computing cut-based hierarchical decompositions in almost linear time},
  author={R{\"a}cke, Harald and Shah, Chintan and T{\"a}ubig, Hanjo},
  booktitle={Proceedings of the Twenty-Fifth Annual ACM-SIAM Symposium on Discrete Algorithms},
  pages={227--238},
  year={2014},
  organization={Society for Industrial and Applied Mathematics}
}

@inproceedings{mkadry2015fast,
  title={Fast generation of random spanning trees and the effective resistance metric},
  author={Madry, Aleksander and Straszak, Damian and Tarnawski, Jakub},
  booktitle={Proceedings of the Twenty-Sixth Annual ACM-SIAM Symposium on Discrete Algorithms},
  pages={2019--2036},
  year={2015},
  organization={Society for Industrial and Applied Mathematics}
}

@article{renegar1988polynomial,
  title={A polynomial-time algorithm, based on Newton's method, for linear programming},
  author={Renegar, James},
  journal={Mathematical Programming},
  volume={40},
  number={1},
  pages={59--93},
  year={1988},
  publisher={Springer}
}

@article{john1948extremum,
  title={Extremum problems with inequalities as subsidiary conditions},
  author={John, Fritz},
  booktitle={Studies and Essays, Presented to R. Courant on His 60th Birthday},
  year={1948},
  pages={187--204},
  publisher={Springer}
}

@inproceedings{peng2016approximate,
  title={Approximate undirected maximum flows in o (m polylog (n)) time},
  author={Peng, Richard},
  booktitle={Proceedings of the Twenty-Seventh Annual ACM-SIAM Symposium on Discrete Algorithms},
  pages={1862--1867},
  year={2016},
  organization={Society for Industrial and Applied Mathematics}
}

@article{lu2016relatively,
  title={Relatively-Smooth Convex Optimization by First-Order Methods, and Applications},
  author={Lu, Haihao and Freund, Robert M and Nesterov, Yurii},
  journal={arXiv preprint arXiv:1610.05708},
  year={2016}
}

@article{nesterov2012efficiency,
  title={Efficiency of coordinate descent methods on huge-scale optimization problems},
  author={Nesterov, Yu},
  journal={SIAM Journal on Optimization},
  volume={22},
  number={2},
  pages={341--362},
  year={2012},
  publisher={SIAM}
}

@article{kelner2013simple,
  author    = {Jonathan A. Kelner and
               Lorenzo Orecchia and
               Aaron Sidford and
               Zeyuan {Allen Zhu}},
  title     = {A Simple, Combinatorial Algorithm for Solving {SDD} Systems in Nearly-Linear
               Time},
  journal   = {CoRR},
  volume    = {abs/1301.6628},
  year      = {2013},
  url       = {http://arxiv.org/abs/1301.6628},
  timestamp = {Wed, 07 Jun 2017 14:40:29 +0200},
  biburl    = {http://dblp.uni-trier.de/rec/bib/journals/corr/abs-1301-6628},
  bibsource = {dblp computer science bibliography, http://dblp.org}
}

@inproceedings{lee2013efficient,
  title={Efficient accelerated coordinate descent methods and faster algorithms for solving linear systems},
  author={Lee, Yin Tat and Sidford, Aaron},
  booktitle={Foundations of Computer Science (FOCS), 2013 IEEE 54th Annual Symposium on},
  pages={147--156},
  year={2013},
  organization={IEEE}
}

@article{vegh2016strongly,
  title={A Strongly Polynomial Algorithm for a Class of Minimum-Cost Flow Problems with Separable Convex Objectives},
  author={Vegh, Laszlo A},
  journal={SIAM Journal on Computing},
  volume={45},
  number={5},
  pages={1729--1761},
  year={2016},
  publisher={SIAM}
}

@article{ahuja1993network,
  title={Network flows: theory, algorithms, and applications},
  author={Ahuja, Ravindra K and Magnanti, Thomas L and Orlin, James B},
  year={1993},
  publisher={Prentice hall}
}

@phdthesis{lee2016faster,
  title={Faster algorithms for convex and combinatorial optimization},
  author={Lee, Yin Tat},
  year={2016},
  school={Massachusetts Institute of Technology}
}

@inproceedings{fomin2017fully,
  title={Fully polynomial-time parameterized computations for graphs and matrices of low treewidth},
  author={Fomin, Fedor V and Lokshtanov, Daniel and Pilipczuk, Micha{\l} and Saurabh, Saket and Wrochna, Marcin},
  booktitle={Proceedings of the Twenty-Eighth Annual ACM-SIAM Symposium on Discrete Algorithms},
  pages={1419--1432},
  year={2017},
  organization={SIAM}
}

@inproceedings{cohen2015uniform,
  title={Uniform sampling for matrix approximation},
  author={Cohen, Michael B and Lee, Yin Tat and Musco, Cameron and Musco, Christopher and Peng, Richard and Sidford, Aaron},
  booktitle={Proceedings of the 2015 Conference on Innovations in Theoretical Computer Science},
  pages={181--190},
  year={2015},
  organization={ACM}
}

@article{agarwal2017imporved,
  title={Improved Dimension Dependence for Accelerated Regression Algorithms},
  author={Agarwal, Naman and Jain, Prateek and Kakade, Sham and Kidambi, Rahul and Lee, Yin Tat and Netrapalli, Praneeth and Sidford, Aaron},
  year={2017}
}

@inproceedings{cohen2015p,
  title={L p Row Sampling by Lewis Weights},
  author={Cohen, Michael B and Peng, Richard},
  booktitle={Proceedings of the Forty-Seventh Annual ACM on Symposium on Theory of Computing},
  pages={183--192},
  year={2015},
  organization={ACM}
}

@inproceedings{frostig2015competing,
  title={Competing with the Empirical Risk Minimizer in a Single Pass.},
  author={Frostig, Roy and Ge, Rong and Kakade, Sham M and Sidford, Aaron},
  booktitle={COLT},
  pages={728--763},
  year={2015}
}

@book{van2000asymptotic,
  title={Asymptotic statistics},
  author={Van der Vaart, Aad W},
  volume={3},
  year={2000},
  publisher={Cambridge university press}
}

@article{mihail1989expansion,
  title={On the expansion of 0-1 polytopes},
  author={Mihail, M and Vazirani, U},
  journal={Journal of Combinatorial Theory, Series B},
  year={1989}
}

@article{kaibel2001expansion,
  title={On the expansion of graphs of 0/1-polytopes},
  author={Kaibel, Volker},
  journal={The Sharpest Cut: The Impact of Manfred Padberg and His Work},
  volume={4},
  pages={199--216},
  year={2001}
}

@article{khachiyan1980polynomial,
  title={Polynomial algorithms in linear programming},
  author={Khachiyan, Leonid G},
  journal={USSR Computational Mathematics and Mathematical Physics},
  volume={20},
  number={1},
  pages={53--72},
  year={1980},
  publisher={Elsevier}
}

@article{atkinson1995cutting,
  title={A cutting plane algorithm for convex programming that uses analytic centers},
  author={Atkinson, David S and Vaidya, Pravin M},
  journal={Mathematical Programming},
  volume={69},
  number={1-3},
  pages={1--43},
  year={1995},
  publisher={Springer}
}

@article{nesterov1995complexity,
  title={Complexity estimates of some cutting plane methods based on the analytic barrier},
  author={Nesterov, Yu},
  journal={Mathematical Programming},
  volume={69},
  number={1},
  pages={149--176},
  year={1995},
  publisher={Springer}
}

@article{shor1977cut,
  title={Cut-off method with space extension in convex programming problems},
  author={Shor, Naum Z},
  journal={Cybernetics and systems analysis},
  volume={13},
  number={1},
  pages={94--96},
  year={1977},
  publisher={Springer}
}

@Article{yudin1976evaluation,
  Title                    = {Evaluation of the information complexity of mathematical programming problems},
  Author                   = {Yudin, David B and Nemirovski, Arkadii S},
  Journal                  = {Ekonomika i Matematicheskie Metody},
  Year                     = {1976},
  Pages                    = {128--142},
  Volume                   = {12}
}


@book{schrijver2002combinatorial,
  title={Combinatorial optimization: polyhedra and efficiency},
  author={Schrijver, Alexander},
  volume={24},
  year={2002},
  publisher={Springer Science \& Business Media}
}

@Article{grotschel1981ellipsoid,
  Title                    = {The ellipsoid method and its consequences in combinatorial optimization},
  Author                   = {Gr{\"o}tschel, Martin and Lov{\'a}sz, L{\'a}szl{\'o} and Schrijver, Alexander},
  Journal                  = {Combinatorica},
  Year                     = {1981},
  Number                   = {2},
  Pages                    = {169--197},
  Volume                   = {1},

  Owner                    = {YinTat},
  Publisher                = {Springer},
  Timestamp                = {2015.03.27}
}


@Article{wallacher1999polynomial,
  Title                    = {A polynomial cycle canceling algorithm for submodular flows},
  Author                   = {Wallacher, C and Zimmermann, Uwe T},
  Journal                  = {Mathematical programming},
  Year                     = {1999},
  Number                   = {1},
  Pages                    = {1--15},
  Volume                   = {86},

  Owner                    = {YinTat},
  Publisher                = {Springer},
  Timestamp                = {2015.03.31}
}

@InProceedings{iwata1998faster,
  Title                    = {A Faster Algorithm for Minimum Cost Submodular Flows.},
  Author                   = {Iwata, Satoru and McCormick, S Thomas and Shigeno, Maiko},
  Booktitle                = {SODA},
  Year                     = {1998},
  Pages                    = {167--174},

  Owner                    = {YinTat},
  Timestamp                = {2015.03.31}
}

@InProceedings{fleischer2000improved,
  Title                    = {Improved algorithms for submodular function minimization and submodular flow},
  Author                   = {Fleischer, Lisa and Iwata, Satoru},
  Booktitle                = {Proceedings of the thirty-second annual ACM symposium on Theory of computing},
  Year                     = {2000},
  Organization             = {ACM},
  Pages                    = {107--116},

  Owner                    = {me},
  Timestamp                = {2015.04.02}
}

@inproceedings{karmarkar1984new,
  author    = {Narendra Karmarkar},
  title     = {A New Polynomial-Time Algorithm for Linear Programming},
  booktitle = {Proceedings of the 16th Annual {ACM} Symposium on Theory of Computing,
               April 30 - May 2, 1984, Washington, DC, {USA}},
  pages     = {302--311},
  year      = {1984},
  url       = {http://doi.acm.org/10.1145/800057.808695},
  doi       = {10.1145/800057.808695},
  timestamp = {Mon, 17 Oct 2011 17:25:06 +0200},
  biburl    = {http://dblp.dagstuhl.de/rec/bib/conf/stoc/Karmarkar84},
  bibsource = {dblp computer science bibliography, http://dblp.org}
}


@inproceedings{vaidya1989speeding,
  author    = {Pravin M. Vaidya},
  title     = {Speeding-Up Linear Programming Using Fast Matrix Multiplication (Extended
               Abstract)},
  booktitle = {30th Annual Symposium on Foundations of Computer Science, Research
               Triangle Park, North Carolina, USA, 30 October - 1 November 1989},
  pages     = {332--337},
  year      = {1989},
  url       = {https://doi.org/10.1109/SFCS.1989.63499},
  doi       = {10.1109/SFCS.1989.63499},
  timestamp = {Fri, 19 May 2017 01:26:00 +0200},
  biburl    = {http://dblp.uni-trier.de/rec/bib/conf/focs/Vaidya89a},
  bibsource = {dblp computer science bibliography, http://dblp.org}
}

@inproceedings{lee2015efficient,
  title={Efficient inverse maintenance and faster algorithms for linear programming},
  author={Lee, Yin Tat and Sidford, Aaron},
  booktitle={Foundations of Computer Science (FOCS), 2015 IEEE 56th Annual Symposium on},
  pages={230--249},
  year={2015},
  organization={IEEE}
}

@article{edmonds1972theoretical,
  title={Theoretical improvements in algorithmic efficiency for network flow problems},
  author={Edmonds, Jack and Karp, Richard M},
  journal={Journal of the ACM (JACM)},
  volume={19},
  number={2},
  pages={248--264},
  year={1972},
  publisher={ACM}
}

@article{goldberg1990finding,
  title={Finding minimum-cost circulations by successive approximation},
  author={Goldberg, Andrew V and Tarjan, Robert E},
  journal={Mathematics of Operations Research},
  volume={15},
  number={3},
  pages={430--466},
  year={1990},
  publisher={INFORMS}
}

@InProceedings{Kyng2016,
  author       = {Kyng, Rasmus and Lee, Yin Tat and Peng, Richard and Sachdeva, Sushant and Spielman, Daniel A},
  title        = {Sparsified cholesky and multigrid solvers for connection laplacians},
  booktitle    = {Proceedings of the 48th Annual ACM SIGACT Symposium on Theory of Computing},
  year         = {2016},
  pages        = {842--850},
  organization = {ACM},
}

@article{cohen2016almost,
  title={Almost-Linear-Time Algorithms for Markov Chains and New Spectral Primitives for Directed Graphs},
  author={Cohen, Michael B and Kelner, Jonathan and Peebles, John and Peng, Richard and Rao, Anup and Sidford, Aaron and Vladu, Adrian},
  journal={arXiv preprint arXiv:1611.00755},
  year={2016}
}

@inproceedings{vempala2010recent,
  title={Recent progress and open problems in algorithmic convex geometry},
  author={Vempala, Santosh S},
  booktitle={LIPIcs-Leibniz International Proceedings in Informatics},
  volume={8},
  year={2010},
  organization={Schloss Dagstuhl-Leibniz-Zentrum fuer Informatik}
}

@article{barak2014sum,
  title={Sum-of-squares proofs and the quest toward optimal algorithms},
  author={Barak, Boaz and Steurer, David},
  journal={arXiv preprint arXiv:1404.5236},
  year={2014}
}


@article{kim2016optimized,
  title={Optimized first-order methods for smooth convex minimization},
  author={Kim, Donghwan and Fessler, Jeffrey A},
  journal={Mathematical programming},
  volume={159},
  number={1-2},
  pages={81--107},
  year={2016},
  publisher={Springer}
}

@article{taylor2017smooth,
  title={Smooth strongly convex interpolation and exact worst-case performance of first-order methods},
  author={Taylor, Adrien B and Hendrickx, Julien M and Glineur, Fran{\c{c}}ois},
  journal={Mathematical Programming},
  volume={161},
  number={1-2},
  pages={307--345},
  year={2017},
  publisher={Springer}
}
@article{drori2014performance,
  title={Performance of first-order methods for smooth convex minimization: a novel approach},
  author={Drori, Yoel and Teboulle, Marc},
  journal={Mathematical Programming},
  volume={145},
  number={1-2},
  pages={451--482},
  year={2014},
  publisher={Springer}
}

@inproceedings{madry2013navigating,
  title={Navigating central path with electrical flows: From flows to matchings, and back},
  author={Madry, Aleksander},
  booktitle={Foundations of Computer Science (FOCS), 2013 IEEE 54th Annual Symposium on},
  pages={253--262},
  year={2013},
  organization={IEEE}
}

@article{bertsimas2004solving,
  title={Solving convex programs by random walks},
  author={Bertsimas, Dimitris and Vempala, Santosh},
  journal={Journal of the ACM (JACM)},
  volume={51},
  number={4},
  pages={540--556},
  year={2004},
  publisher={ACM}
}


@article{fercoq2015accelerated,
  title={Accelerated, parallel, and proximal coordinate descent},
  author={Fercoq, Olivier and Richt{\'a}rik, Peter},
  journal={SIAM Journal on Optimization},
  volume={25},
  number={4},
  pages={1997--2023},
  year={2015},
  publisher={SIAM}
}

@article{wright2015coordinate,
  title={Coordinate descent algorithms},
  author={Wright, Stephen J},
  journal={arXiv preprint arXiv:1502.04759},
  year={2015}
}

@article{xiao2014proximal,
  title={A proximal stochastic gradient method with progressive variance reduction},
  author={Xiao, Lin and Zhang, Tong},
  journal={SIAM Journal on Optimization},
  volume={24},
  number={4},
  pages={2057--2075},
  year={2014},
  publisher={SIAM}
}

@inproceedings{DBLP:conf/soda/Karger98,
  author    = {David R. Karger},
  title     = {Better Random Sampling Algorithms for Flows in Undirected Graphs},
  booktitle = {Proceedings of the Ninth Annual {ACM-SIAM} Symposium on Discrete Algorithms,
               25-27 January 1998, San Francisco, California.},
  pages     = {490--499},
  year      = {1998},
  url       = {http://dl.acm.org/citation.cfm?id=314613.314833},
  timestamp = {Fri, 07 Dec 2012 17:02:09 +0100},
  biburl    = {http://dblp.uni-trier.de/rec/bib/conf/soda/Karger98},
  bibsource = {dblp computer science bibliography, http://dblp.org}
}

@article{tarasov1988method,
  title={The method of inscribed ellipsoids},
  author={Tarasov, SP and KHACHIIAN, LG and Erlikh, II},
  journal={Doklady Akademii Nauk SSSR},
  volume={298},
  number={5},
  pages={1081--1085},
  year={1988}
}

@inproceedings{DBLP:conf/focs/Vaidya89b,
  author    = {Pravin M. Vaidya},
  title     = {A New Algorithm for Minimizing Convex Functions over Convex Sets},
  booktitle = {30th Annual Symposium on Foundations of Computer Science, Research
               Triangle Park, North Carolina, USA, 30 October - 1 November 1989},
  pages     = {338--343},
  year      = {1989},
  url       = {http://doi.ieeecomputersociety.org/10.1109/10.1109/SFCS.1989.63500},
  doi       = {10.1109/10.1109/SFCS.1989.63500},
  timestamp = {Mon, 15 Dec 2014 18:48:45 +0100},
  biburl    = {http://dblp.uni-trier.de/rec/bib/conf/focs/Vaidya89b},
  bibsource = {dblp computer science bibliography, http://dblp.org}
}
@Book{rockafellar2015convex,
  title     = {Convex analysis},
  publisher = {Princeton university press},
  year      = {2015},
  author    = {Rockafellar, Ralph Tyrell},
}

@Article{cohen2017matrix,
  author  = {Cohen, Michael B and Madry, Aleksander and Tsipras, Dimitris and Vladu, Adrian},
  title   = {Matrix Scaling and Balancing via Box Constrained Newton's Method and Interior Point Methods},
  journal = {arXiv preprint arXiv:1704.02310},
  year    = {2017},
}

@article{kwok2017paulsen,
  title={The Paulsen Problem, Continuous Operator Scaling, and Smoothed Analysis},
  author={Kwok, Tsz Chiu and Lau, Lap Chi and Lee, Yin Tat and Ramachandran, Akshay},
  journal={arXiv preprint arXiv:1710.02587},
  year={2017}
}

@Article{Milman2009,
  author    = {Milman, Emanuel},
  title     = {On the role of convexity in isoperimetry, spectral gap and concentration},
  journal   = {Inventiones mathematicae},
  year      = {2009},
  volume    = {177},
  number    = {1},
  pages     = {1--43},
  publisher = {Springer},
}

@article{zhang2003numerical,
  title={On numerical solution of the maximum volume ellipsoid problem},
  author={Zhang, Yin and Gao, Liyan},
  journal={SIAM Journal on Optimization},
  volume={14},
  number={1},
  pages={53--76},
  year={2003},
  publisher={SIAM}
}

@Article{lee2017efficient,
  author  = {Lee, Yin Tat and Sidford, Aaron and Vempala, Santosh S},
  title   = {Efficient Convex Optimization with Membership Oracles},
  journal = {arXiv preprint arXiv:1706.07357},
  year    = {2017},
}

@Article{artstein2009concept,
  author    = {Artstein-Avidan, Shiri and Milman, Vitali},
  title     = {The concept of duality in convex analysis, and the characterization of the Legendre transform},
  journal   = {Annals of mathematics},
  year      = {2009},
  pages     = {661--674},
  publisher = {JSTOR},
}

@InProceedings{belloni2015escaping,
  author    = {Belloni, Alexandre and Liang, Tengyuan and Narayanan, Hariharan and Rakhlin, Alexander},
  title     = {Escaping the local minima via simulated annealing: Optimization of approximately convex functions},
  booktitle = {Conference on Learning Theory},
  year      = {2015},
  pages     = {240--265},
}

@article{lee2017stochastic,
  title={Stochastic Localization+ Stieltjes Barrier= Tight Bound for Log-Sobolev},
  author={Lee, Yin Tat and Vempala, Santosh S},
  journal={arXiv preprint arXiv:1712.01791},
  year={2017}
}

@article{Neal2012,
  author = {Neal, Radford M.},
  biburl = {https://www.bibsonomy.org/bibtex/233fcb1d5a6d675e371170820f0b4dbcd/giacomo.fiumara},
  citeulike-article-id = {12118398},
  interhash = {f26b3ec7720399d06a5c271916a0ee92},
  intrahash = {33fcb1d5a6d675e371170820f0b4dbcd},
  journal = {Handbook of Markov Chain Monte Carlo},
  keywords = {Markov MonteCarlo},
  pages = {113--162},
  posted-at = {2013-03-06 23:35:00},
  priority = {2},
  timestamp = {2013-11-20T16:22:16.000+0100},
  title = {{MCMC} Using {Hamiltonian} Dynamics},
  volume = 54,
  year = 2010
}

@book{Neal1996,
    title = "Bayesian Learning for Neural Networks",
    author = "Neal, R.M.",
    isbn = "9780387947242",
    lccn = "96022079",
    series = "Lecture Notes in Statistics",
    year = "1996",
    publisher = "Springer New York"
}

@ARTICLE{Girolami2009,
   author = {{Girolami}, M. and {Calderhead}, B. and {Chin}, S.~A.},
    title = "{Riemannian Manifold Hamiltonian Monte Carlo}",
  journal = {ArXiv e-prints},
archivePrefix = "arXiv",
   eprint = {0907.1100},
 primaryClass = "stat.CO",
 keywords = {Statistics - Computation, Mathematics - Numerical Analysis, Mathematics - Statistics Theory},
     year = 2009,
    month = jul,
   adsurl = {http://adsabs.harvard.edu/abs/2009arXiv0907.1100G},
  adsnote = {Provided by the SAO/NASA Astrophysics Data System}
}

@article {Girolami2011,
author = {Girolami, Mark and Calderhead, Ben},
title = {Riemann manifold Langevin and Hamiltonian Monte Carlo methods},
journal = {Journal of the Royal Statistical Society: Series B (Statistical Methodology)},
volume = {73},
number = {2},
publisher = {Blackwell Publishing Ltd},
issn = {1467-9868},
url = {http://dx.doi.org/10.1111/j.1467-9868.2010.00765.x},
doi = {10.1111/j.1467-9868.2010.00765.x},
pages = {123--214},
keywords = {Bayesian inference, Geometry in statistics, Hamiltonian Monte Carlo methods, Langevin diffusion, Markov chain Monte Carlo methods, Riemann manifolds},
year = {2011},
}


@article{fradelizi2004extreme,
  title={The extreme points of subsets of s-concave probabilities and a geometric localization theorem},
  author={Fradelizi, Matthieu and Gu{\'e}don, Olivier},
  journal={Discrete \& Computational Geometry},
  volume={31},
  number={2},
  pages={327--335},
  year={2004},
  publisher={Springer}
}

@article{li1980estimates,
  title={Estimates of eigenvalues of a compact Riemannian manifold},
  author={Li, Peter and Yau, Shing Tung},
  journal={Geometry of the Laplace operator},
  volume={36},
  pages={205--239},
  year={1980}
}

@Article{Kannan1995,
  author    = {Kannan, Ravi and Lov{\'a}sz, L{\'a}szl{\'o} and Simonovits, Mikl{\'o}s},
  title     = {Isoperimetric problems for convex bodies and a localization lemma},
  journal   = {Discrete \& Computational Geometry},
  year      = {1995},
  volume    = {13},
  number    = {1},
  pages     = {541--559},
  publisher = {Springer},
}

@inproceedings{frostig2015regularizing,
  title={Un-regularizing: approximate proximal point and faster stochastic algorithms for empirical risk minimization},
  author={Frostig, Roy and Ge, Rong and Kakade, Sham and Sidford, Aaron},
  booktitle={International Conference on Machine Learning},
  pages={2540--2548},
  year={2015}
}

@inproceedings{lin2015universal,
  title={A universal catalyst for first-order optimization},
  author={Lin, Hongzhou and Mairal, Julien and Harchaoui, Zaid},
  booktitle={Advances in Neural Information Processing Systems},
  pages={3384--3392},
  year={2015}
}

@article{agarwal2017leverage,
  title={Leverage Score Sampling for Faster Accelerated Regression and ERM},
  author={Agarwal, Naman and Kakade, Sham and Kidambi, Rahul and Lee, Yin Tat and Netrapalli, Praneeth and Sidford, Aaron},
  journal={arXiv preprint arXiv:1711.08426},
  year={2017}
}

@inproceedings{woodworth2016tight,
  title={Tight complexity bounds for optimizing composite objectives},
  author={Woodworth, Blake E and Srebro, Nati},
  booktitle={Advances in neural information processing systems},
  pages={3639--3647},
  year={2016}
}

@inproceedings{allen2016even,
  title={Even faster accelerated coordinate descent using non-uniform sampling},
  author={Allen-Zhu, Zeyuan and Qu, Zheng and Richt{\'a}rik, Peter and Yuan, Yang},
  booktitle={International Conference on Machine Learning},
  pages={1110--1119},
  year={2016}
}

@Article{Allen-Zhu2016,
  author  = {Allen-Zhu, Zeyuan},
  title   = {Katyusha: The first direct acceleration of stochastic gradient methods},
  journal = {arXiv preprint arXiv:1603.05953},
  year    = {2016},
}

@inproceedings{sherman2017area,
  title={Area-convexity, l \&infty; regularization, and undirected multicommodity flow},
  author={Sherman, Jonah},
  booktitle={Proceedings of the 49th Annual ACM SIGACT Symposium on Theory of Computing},
  pages={452--460},
  year={2017},
  organization={ACM}
}

@article{lovasz2007geometry,
  author    = {L{\'{a}}szl{\'{o}} Lov{\'{a}}sz and
               Santosh Vempala},
  title     = {The geometry of logconcave functions and sampling algorithms},
  journal   = {Random Struct. Algorithms},
  volume    = {30},
  number    = {3},
  pages     = {307--358},
  year      = {2007},
  url       = {https://doi.org/10.1002/rsa.20135},
  doi       = {10.1002/rsa.20135},
  timestamp = {Fri, 26 May 2017 22:50:39 +0200},
  biburl    = {https://dblp.org/rec/bib/journals/rsa/LovaszV07},
  bibsource = {dblp computer science bibliography, https://dblp.org}
}

@article{Feldman2015statistical,
  author    = {Vitaly Feldman and
               Cristobal Guzman and
               Santosh Vempala},
  title     = {Statistical Query Algorithms for Stochastic Convex Optimization},
  journal   = {CoRR},
  volume    = {abs/1512.09170},
  year      = {2015},
  url       = {http://arxiv.org/abs/1512.09170},
  archivePrefix = {arXiv},
  eprint    = {1512.09170},
  timestamp = {Mon, 13 Aug 2018 16:48:56 +0200},
  biburl    = {https://dblp.org/rec/bib/journals/corr/FeldmanGV15},
  bibsource = {dblp computer science bibliography, https://dblp.org}
}

@article{Kalai2006simulated,
 author = {Kalai, Adam Tauman and Vempala, Santosh},
 title = {Simulated Annealing for Convex Optimization},
 journal = {Math. Oper. Res.},
 issue_date = {February 2006},
 volume = {31},
 number = {2},
 month = feb,
 year = {2006},
 issn = {0364-765X},
 pages = {253--266},
 numpages = {14},
 url = {http://dx.doi.org/10.1287/moor.1060.0194},
 doi = {10.1287/moor.1060.0194},
 acmid = {1246335},
 publisher = {INFORMS},
 address = {Institute for Operations Research and the Management Sciences (INFORMS), Linthicum, Maryland, USA},
 keywords = {MCMC, convex optimization, linear programming, simulated annealing},
} 

@article{adamczak2010quantitative,
  title={Quantitative estimates of the convergence of the empirical covariance matrix in log-concave ensembles},
  author={Adamczak, Rados{\l}aw and Litvak, Alexander and Pajor, Alain and Tomczak-Jaegermann, Nicole},
  journal={Journal of the American Mathematical Society},
  volume={23},
  number={2},
  pages={535--561},
  year={2010}
}

@Article{gromov1983topological,
  author    = {Gromov, Mikhail and Milman, Vitali D},
  journal   = {American Journal of Mathematics},
  title     = {A topological application of the isoperimetric inequality},
  year      = {1983},
  number    = {4},
  pages     = {843--854},
  volume    = {105},
  publisher = {JSTOR},
}

@Comment{jabref-meta: databaseType:bibtex;}
